3234 5054
729 286 781 336 sa.
800 287 821 350 1,
840 283 865 336 s.
1373 289 1415 354 35

175 472 344 539 Permulta
376 473 478 560 (velut
499 496 526 538 v.
554 476 581 541 7.
613 473 681 538 hic
710 494 781 557 ego
812 478 988 556 propter
1012 496 1155 556 aquam
1187 475 1292 557 quod
1322 482 1416 542 erat

175 560 484 641 deterrima-,
508 560 560 625 44.
584 561 644 625 nil
667 581 737 643 ego
760 561 1011 626 contulerim
1028 565 1415 644 -,moxv.45:p1·o-

173 645 431 730 ximaCamp.
455 647 578 731 ponti
600 668 706 730 quae
727 647 894 727 villula,
917 648 959 712 47
976 668 1035 712 ss:
1059 647 1152 714 hinc
1173 649 1415 733 muli-po-

174 739 299 813 nunt,
322 734 455 798 lusum
477 734 511 800 it
530 734 572 798 M.
597 740 683 814 cett,
707 754 880 817 namque
902 733 991 817 pila
1013 733 1139 817 lippis
1157 774 1216 814 -,
1238 735 1296 802 50:
1320 735 1416 800 hino

173 842 250 885 nos
275 820 418 886 Coccei
439 820 600 904 recipit
620 821 724 903 plen.
749 842 795 900 v.,
830 823 890 887 88:
914 821 1030 886 venit
1052 821 1258 887 vilissima
1281 843 1416 887 rerum

173 905 243 972 hic
266 927 314 987 a,
344 906 416 972 sed
445 928 477 990 p.
500 945 559 986 -,
593 927 684 972 nam
713 907 865 972 Canusi
891 906 1082 990 lapidos,
1116 908 1271 992 imprimis
1301 930 1328 976 v.
1353 911 1414 976 92:

174 994 247 1076 qui
269 992 386 1059 locus
411 1014 432 1058 a
453 993 701 1059 fortiDiom.
726 1000 791 1059 est
813 993 923 1059 cond.
949 994 1016 1074 ol„
1039 996 1098 1062 96:
1115 1002 1294 1077 postera
1316 1001 1415 1062 tem-

174 1085 325 1162 pestas
348 1079 496 1146 melior
518 1080 610 1166 cett.)
634 1087 703 1146 tam
725 1080 821 1146 exilia
844 1086 876 1146 et
899 1080 993 1146 arida
1014 1081 1064 1146 vel
1080 1087 1155 1146 sunt
1176 1082 1226 1147 vel
1246 1082 1351 1164 primo
1370 1083 1414 1146 vi-

173 1165 293 1232 dentur
317 1166 482 1249 adspectu,
505 1173 543 1232 ut
565 1167 617 1230 vix
640 1167 840 1251 temporibus
863 1167 960 1234 certis
982 1167 1150 1251 modisque
1170 1167 1251 1255 (Sat.
1268 1170 1292 1249 1,
1308 1171 1338 1248 4,
1354 1170 1413 1256 58)

173 1253 214 1318 ab
238 1253 385 1318 oratioue
406 1253 550 1336 pedestri
570 1255 697 1338 possint
714 1253 876 1336 distingui.
912 1253 978 1318 Nec
1000 1260 1110 1320 tamen
1132 1276 1296 1337 nunquam
1318 1277 1414 1339 gran-

174 1339 246 1405 dior
262 1341 405 1422 exsurgit
420 1341 525 1405 oratio
548 1341 636 1406 velut
649 1363 677 1406 v.
695 1343 733 1407 8:
758 1339 890 1428 (ventri)
913 1340 1055 1406 indico
1078 1340 1253 1421 bellum,
1276 1343 1414 1407 maxime

177 1426 376 1510 apostrophe
397 1427 454 1492 illa
476 1449 504 1492 v.
528 1429 585 1492 24:
621 1449 690 1493 ora
712 1449 938 1511 manusque
960 1432 1033 1492 tua
1063 1467 1104 1476 -
1136 1427 1318 1512 lympha,
1352 1432 1411 1495 26:

173 1513 419 1596 impositum
443 1552 482 1562 —
506 1513 658 1579 Anxur.
694 1514 897 1579 Gravitatem
920 1513 1083 1598 quandam
1105 1514 1313 1597 praesefert
1334 1515 1413 1579 illud

173 1599 215 1750 (ἕ.
244 1598 330 1687 36.);
376 1605 642 1683 praetextam
680 1606 720 1666 et
756 1601 888 1666 latum
925 1601 1087 1666 clavum
1125 1640 1168 1648 -
1204 1601 1411 1667 vatillum.

204 1707 320 1769 amque
341 1707 400 1769 per
418 1685 592 1752 ludibrium
614 1709 710 1771 saepe
732 1687 943 1753 intumescere
967 1688 1146 1753 orationem
1168 1707 1232 1752 non
1256 1695 1305 1754 est
1327 1689 1413 1771 quod

173 1794 340 1855 exponam.
378 1773 450 1838 Huc
471 1772 674 1840 referendum
695 1772 777 1838 illud
799 1775 855 1861 (51
880 1772 957 1861 ss.):
981 1795 1088 1839 nunc
1110 1774 1209 1838 mihi
1233 1813 1272 1822 —
1298 1775 1411 1840 Musa

171 1860 297 1925 velim
319 1881 522 1926 memores
546 1865 587 1926 et
609 1882 685 1944 quo
707 1867 831 1944 patre
854 1865 945 1941 cett,
971 1863 1020 1927 73.
1045 1863 1103 1927 74:
1127 1882 1218 1926 nam
1239 1882 1348 1945 vaga
1369 1901 1413 1910 -

172 1945 353 2014 Volcano
375 1985 419 1995 -
441 1947 630 2012 lambere
652 1953 820 2027 tectum,
844 1947 901 2012 ubi
922 1951 1020 2031 poeta
1035 1946 1146 2014 festive
1161 1969 1263 2030 prope
1286 1950 1410 2030 epicam

171 2033 320 2099 imitatur
342 2033 570 2116 granditatem.
605 2033 715 2116 Neque
737 2034 889 2100 hocloco
913 2034 1051 2099 alienum
1074 2035 1136 2099 erit
1157 2033 1328 2100 nonnullas
1351 2034 1409 2100 ad-

174 2120 250 2184 dere
272 2120 413 2186 rariores
432 2120 604 2186 verborum
627 2125 819 2200 structuras,
842 2121 927 2187 inter
949 2142 1029 2205 quas
1052 2121 1243 2188 numerandi
1264 2120 1412 2186 infinitivi

171 2206 319 2273 historici
343 2205 420 2294 (etsi
442 2228 482 2271 ne
505 2206 592 2290 apud
613 2228 723 2272 rerum
745 2208 919 2290 scriptores
942 2207 1070 2290 quidem
1092 2213 1125 2272 et
1144 2214 1291 2273 oratores
1314 2208 1412 2274 inusi-

171 2292 266 2378 tati):
300 2294 500 2377 ingerere
524 2293 565 2380 (v.
592 2294 672 2382 la),
707 2295 892 2360 inlinere
916 2293 1015 2383 (31),
1049 2300 1136 2359 tum:
1171 2295 1315 2378 quales
1337 2315 1412 2361 nec

171 2379 443 2445 candidiores
465 2419 507 2428 -
532 2381 616 2466 (41.)
640 2387 677 2446 ut
699 2380 790 2464 epod.
807 2381 844 2460 V,
861 2381 920 2447 59:
944 2381 1040 2464 quale
1061 2401 1119 2447 nec
1134 2381 1307 2464 perfectius
1321 2403 1411 2447 meae

171 2466 354 2532 laborarint
375 2487 506 2547 manus,
536 2466 757 2551 hyperbaton:
791 2488 894 2550 paene
916 2488 1044 2534 macros
1068 2468 1178 2534 arsit
1200 2467 1276 2532 dum
1297 2468 1411 2534 turdos

169 2558 342 2620 versat-
366 2553 468 2641 (72),
492 2560 655 2619 nonest
694 2553 778 2639 dt),
801 2554 858 2620 ubi
880 2560 937 2619 aut
959 2553 1086 2620 facile
1109 2554 1330 2638 supplendum,
1354 2562 1412 2620 aut

170 2646 221 2705 est
242 2639 327 2705 idem
349 2641 436 2723 quod
458 2637 566 2722 ἔξεστι
590 2640 643 2739 (i).
719 2662 786 2706 ev.
811 2642 851 2708 91
876 2661 917 2722 a,
951 2641 1007 2706 ubi
1028 2641 1190 2725 plerisque
1212 2641 1342 2707 relativi
1364 2642 1410 2707 vi-
1485 2703 1488 2710 2

171 2725 270 2792 detur
290 2727 429 2794 inversio
452 2749 613 2810 usurpari,
636 2750 664 2793 v.
689 2749 797 2812 supra.

273 2814 344 2879 Iam
368 2835 476 2880 omnes
498 2814 548 2879 vel
569 2815 711 2896 graviter
732 2815 782 2880 vel
796 2813 909 2880 festive
932 2813 1091 2880 dictorum
1113 2814 1197 2880 sales
1212 2812 1411 2898 facetiaeque

175 2921 363 2966 enumerare
394 2907 427 2966 et
456 2901 490 2965 in
512 2907 602 2966 certa
625 2900 783 2984 quaedam
805 2922 924 2983 genera
954 2900 1148 2967 distribuere
1178 2900 1323 2985 equidem
1346 2924 1411 2967 uon

172 2987 284 3051 ausim.
320 2987 458 3052 Maxime
474 2987 646 3053 dumtaxat
666 2988 760 3053 huius
783 2986 860 3072 quid
875 2988 1042 3071 proprium
1057 2988 1100 3054 sit
1115 2987 1246 3068 satirae,
1269 2987 1410 3053 breviter

169 3072 346 3138 videamus.
392 3073 630 3158 Nonnunquam
659 3078 758 3158 polita
786 3097 830 3140 eo¹
846 3075 917 3158 ipso
945 3075 1051 3158 carpit
1081 3073 1166 3158 quod
1188 3074 1294 3140 nimiis
1317 3075 1410 3140 effert

171 3159 325 3226 laudibus
347 3166 385 3224 ut
408 3161 557 3226 comitem
577 3161 788 3227 Heliodorum
812 3161 1075 3246 (Graecorum
1096 3161 1208 3244 longe
1230 3160 1410 3244 doctiss.)

170 3254 230 3313 aut
251 3246 361 3313 fictam
387 3269 467 3331 prae
489 3269 523 3312 se
551 3247 617 3313 fert
643 3248 836 3333 gravitatem
865 3254 902 3313 ut
928 3269 957 3316 v.
981 3249 1032 3315 34.
1057 3250 1108 3314 36.
1139 3247 1296 3313 Fundos
1326 3248 1409 3312 auf.

168 3334 297 3400 Lusco
319 3341 445 3417 praet.
471 3372 511 3382 -
534 3335 737 3416 vatillum,
768 3335 823 3400 ubi
846 3333 983 3399 duorum
1004 3356 1153 3400 versuum
1176 3336 1322 3419 gravium
1342 3355 1411 3399 ma-

173 3419 360 3504 gnificentia
381 3420 498 3486 tertius
525 3422 580 3504 qui
606 3421 683 3505 quid
712 3421 759 3487 rei
789 3423 832 3486 sit
854 3427 966 3504 aperte
988 3421 1067 3487 dicit
1089 3420 1211 3487 medius
1236 3420 1411 3487 includitur

141 3531 146 3536 ·
172 3509 226 3593 (ut
248 3507 350 3590 ipsius
373 3506 510 3572 hominis
527 3507 598 3572 huf.
615 3509 651 3573 L.
675 3509 796 3591 species
819 3514 852 3574 et
874 3530 895 3573 a
908 3507 1015 3574 fronte
1037 3514 1070 3573 et
1092 3514 1219 3591 atergo
1241 3507 1411 3591 magnifica

172 3599 236 3672 est,
265 3615 342 3677 pars
366 3594 500 3659 interior
523 3595 641 3660 nullius
663 3596 789 3680 pretii),
818 3594 868 3659 vel
890 3595 990 3660 nimia
1012 3594 1095 3660 ludit
1116 3595 1351 3678 vituperatione
1374 3601 1411 3659 ut

170 3701 199 3744 v.
216 3681 246 3746 4.
271 3678 355 3745 diff.
379 3681 517 3747 nautis
533 3719 585 3748 -.
625 3681 800 3748 Civitatum
815 3679 901 3746 ridet
914 3681 1024 3764 plures
1039 3688 1075 3747 ut
1091 3681 1274 3761 Canusium,
1298 3703 1319 3746 a
1333 3680 1411 3748 forti

172 3766 336 3833 conditum
359 3767 463 3833 Diom.
488 3767 545 3833 sed
568 3769 612 3833 eis
635 3768 730 3834 rebus
754 3789 837 3851 quae
858 3767 995 3834 maxime
1018 3767 1060 3832 ad
1083 3768 1183 3833 vitam
1206 3775 1282 3834 sunt
1302 3789 1410 3833 neces-

171 3853 261 3918 saria
282 3853 489 3934 destitutum,
525 3853 677 3920 Gratiam
699 3855 837 3940 lymphis
859 3855 953 3920 iratis
975 3860 1182 3921 exstructam.
1236 3854 1411 3920 Hominum

172 3940 330 4006 neminem
351 3941 455 4024 magis
478 3940 564 4008 ridet
586 3963 619 4007 se
641 3942 722 4025 ipso,
746 3963 840 4026 quem
862 3942 1009 4025 ignaviae
1031 3946 1064 4007 et
1087 3941 1255 4008 tarditatis
1277 3947 1410 4008 accusat

170 4027 216 4114 (5.
241 4028 299 4115 6.),
322 4027 408 4093 ridet
429 4033 573 4094 ventrem
594 4028 679 4094 farne
702 4029 881 4095 cruciatum
897 4027 971 4116 (8.),
995 4029 1159 4094 oculorum
1182 4028 1317 4111 speciem
1341 4034 1409 4092 tae-

169 4112 338 4179 terrimam
355 4113 448 4201 (30.),
473 4114 597 4180 cladem
619 4115 723 4181 noctis
738 4115 824 4181 illius
843 4114 1026 4181 immundae
1050 4115 1115 4202 (82.
1133 4114 1200 4200 85),
1224 4115 1409 4197 saepissime

168 4201 313 4283 corporis
344 4199 566 4266 lassitudinem
591 4201 701 4288 (5-6.
733 4203 795 4267 111
829 4204 879 4269 25.
911 4204 962 4268 37.
991 4204 1042 4268 48.
1075 4203 1124 4268 79.
1149 4203 1199 4267 94.
1224 4203 1316 4285 aar).
1363 4201 1409 4264 De

169 4287 285 4352 ceteris
307 4293 429 4353 nautae
451 4293 484 4354 et
499 4288 635 4354 viatoris
651 4287 777 4354 deridet
792 4288 991 4369 ebrietatem,
1015 4288 1068 4372 qui
1090 4288 1258 4353 absentem
1273 4293 1409 4352 cautant

169 4374 324 4453 amicam,
347 4373 467 4438 Aufidii
490 4374 727 4456 arrogantiam,
753 4374 907 4440 Oscorum
930 4395 1029 4457 genus
1052 4372 1185 4453 clarum,
1209 4374 1348 4438 maiores
1372 4374 1408 4436 il-

168 4460 289 4525 lustres
313 4462 428 4543 quibus
451 4461 516 4525 orti
538 4462 674 4527 Messius
698 4468 731 4526 et
748 4462 935 4527 Sarmentus
958 4461 991 4524 in
1013 4483 1153 4543 pugnam
1177 4460 1408 4544 procurrerint,
