3234 5054
277 1130 469 1215 Sermonum
486 1148 740 1214 Horatianorum
762 1155 828 1213 tres
851 1148 931 1213 istos
954 1149 977 1228 I,
994 1151 1023 1215 5.
1043 1153 1070 1216 l.
1089 1153 1117 1216 8.
1142 1151 1169 1214 si
1192 1151 1261 1234 quis
1284 1151 1405 1234 primos

175 1235 314 1300 omnium
337 1237 530 1320 compositos
553 1257 622 1301 esse
644 1241 761 1315 censet,
788 1257 890 1318 neque
913 1236 1039 1300 omnino
1062 1257 1178 1302 novam
1200 1239 1312 1304 tulisse
1335 1261 1405 1304 sen-

173 1323 308 1388 tentiam
330 1344 432 1407 neque
454 1322 603 1406 sagacius
626 1323 724 1406 quam
745 1323 870 1387 cautius
893 1321 1051 1388 iudicasse
1073 1323 1230 1392 videatur.
1274 1325 1344 1402 Qua
1367 1326 1406 1392 de

171 1433 207 1474 re
228 1431 268 1474 ne
289 1411 339 1474 vel
361 1411 492 1475 minima
506 1410 708 1493 relinquatur
724 1409 883 1474 dubitatio
907 1409 968 1474 etsi
990 1411 1098 1476 omnia
1120 1411 1195 1476 libri
1209 1411 1327 1494 prioris
1352 1434 1405 1477 ex·

172 1496 323 1563 cutienda
345 1505 420 1563 sunt
441 1501 601 1580 poemata,
626 1497 772 1580 quintum
791 1503 901 1561 tamen
922 1497 1058 1562 maxime
1079 1498 1303 1581 inquirendum
1324 1520 1403 1582 pon—

172 1583 411 1667 derandumque
434 1591 497 1664 est,
529 1583 569 1648 de
592 1585 680 1648 cuius
703 1589 847 1666 ternpore
877 1605 950 1648 cum
973 1585 1057 1649 inter
1078 1585 1163 1650 viros
1186 1583 1297 1650 doctos
1322 1586 1402 1651 satis

171 1675 307 1750 constet,
330 1670 391 1736 hoc
414 1693 497 1737 anno
521 1670 576 1758 (37
597 1693 627 1735 a.
644 1669 732 1756 Ohr.)
755 1669 832 1753 quid
854 1691 918 1734 non
941 1671 1043 1738 solum
1066 1672 1202 1737 senserit
1226 1671 1282 1737 sed
1305 1673 1403 1738 etiam

171 1756 331 1840 quomodo
362 1779 457 1823 sensa
487 1759 682 1840 expresserit
708 1760 806 1840 po'eta
843 1758 871 1822 si
901 1756 1084 1841 diligentius
1120 1759 1401 1841 exploraverimus,

171 1846 264 1928 quasi
285 1846 338 1910 via
359 1846 484 1911 munita
507 1843 549 1909 ad
565 1845 646 1910 alias
662 1845 866 1928 quaestiones
889 1845 1004 1928 quibus
1028 1845 1067 1910 de
1084 1845 1194 1911 ordine
1216 1849 1402 1928 poematum

105 1955 107 1960 ’
172 1931 301 1997 Horatii
324 1932 496 1997 statuendo
520 1931 703 2015 disputetur
726 1930 936 1996 confidentius
958 1932 1079 2015 poterit
1102 1931 1239 1998 ascendi.

276 2017 358 2094 Quid
391 2019 521 2084 autern?
568 2039 673 2084 nonne
706 2019 813 2083 omnia
845 2018 975 2084 Horatii
1006 2022 1157 2102 poemata
1191 2019 1401 2102 interpretum

173 2105 257 2170 curis
288 2106 368 2170 satis
398 2127 556 2190 superque
585 2106 737 2189 explicita
765 2111 840 2170 sunt
870 2110 902 2170 et
932 2106 1120 2172 illustrata?
1164 2106 1277 2172 Dicam
1303 2107 1403 2172 libere

172 2191 257 2276 quod
280 2197 430 2276 expertus
447 2215 525 2258 sum.
560 2193 608 2258 De
624 2193 822 2276 singulorum
836 2193 868 2256 vi
880 2192 1051 2259 verborum
1072 2215 1149 2258 vera
1170 2193 1401 2277 investiganda,

174 2279 213 2344 de
235 2278 342 2359 rebus,
365 2280 574 2364 temporibus,
601 2281 680 2346 locis
702 2279 934 2345 constituendis
958 2281 1076 2364 optime
1097 2288 1281 2346 meruerunt
1303 2275 1404 2345 inser!

175 2371 293 2449 pretes.
339 2367 459 2432 Po'e'tas
481 2367 603 2448 virtuti,
626 2388 709 2451 quae
730 2368 763 2431 in
786 2366 967 2432 enarrando
989 2368 1104 2432 itinere
1126 2369 1276 2447 cernitur,
1306 2369 1403 2433 aesti-

171 2453 309 2518 mandae
331 2453 473 2519 nondum
495 2455 574 2520 item
589 2454 770 2520 consultum
786 2461 843 2519 est.
878 2454 988 2537 Neque
1004 2456 1086 2519 enim
1111 2456 1190 2520 satis
1206 2460 1257 2519 est
1278 2454 1402 2520 iactare

173 2546 205 2605 et
235 2539 327 2623 quasi
356 2540 523 2607 venditare
553 2541 697 2624 egregias
727 2544 844 2624 poetae
872 2541 1016 2606 virtutes.
1062 2541 1227 2606 Eiusmodi
1252 2541 1401 2626 laudibus

173 2627 253 2692 adeo
283 2648 347 2692 non
375 2628 601 2709 convincimur,
633 2633 670 2693 ut
700 2627 859 2693 dubitatio
888 2650 953 2692 non
975 2628 1069 2693 modo
1100 2649 1165 2693 non
1187 2626 1343 2694 evellatur
1364 2647 1403 2692 ex

173 2713 288 2779 animis
319 2713 380 2782 sed.
402 2715 601 2781 incendatur.
658 2715 812 2780 Audimus
843 2735 920 2780 sane
950 2715 1162 2780 Fritzschium
1191 2715 1334 2798 aliosque
1363 2714 1402 2779 de

113 2827 115 2834 ·
171 2822 249 2866 vera
271 2801 328 2866 illa
350 2802 527 2886 voluptate,
550 2824 614 2887 qua
637 2802 792 2868 Horatius
814 2801 963 2884 perfusus
986 2823 1056 2867 esse
1078 2802 1205 2880 dicitur,
1231 2801 1402 2884 magnifica

173 2887 329 2954 facientes
356 2889 454 2956 verba
489 2889 581 2978 („vvir
610 2892 761 2972 ergdtzen
789 2909 849 2954 uns
876 2911 918 2953 an
946 2889 1003 2954 der
1026 2888 1252 2972 jugsndlichen
1273 2889 1403 2954 wahren

172 2976 346 3055 Reiselust,
381 2976 499 3042 welche
528 2977 596 3042 sich
627 2976 728 3041 durch
757 2975 816 3040 das
840 2975 948 3040 Ganze
977 2975 1167 3062 ergiesst“);
1200 2997 1251 3040 res
1274 2975 1400 3040 omnino

174 3083 265 3127 secus
280 3061 408 3128 videtur
430 3085 464 3129 se
485 3063 614 3128 habere.
649 3062 721 3127 Non
737 3061 831 3127 modo
846 3062 935 3127 nulla
954 3063 1071 3128 eminet
1091 3064 1125 3126 in
1139 3066 1238 3145 polita
1252 3063 1401 3144 voluptas
1423 3129 1426 3134 Δ

174 3155 207 3213 et
227 3149 369 3228 laetitia,
402 3149 458 3214 sed
487 3152 585 3216 etiam
614 3150 748 3215 invitum
770 3150 873 3214 Roma
903 3171 941 3214 ex
970 3149 1050 3214 urbe
1072 3171 1190 3232 magna
1214 3149 1256 3213 ad
1278 3148 1401 3214 itineris

171 3235 337 3302 molestias
359 3236 480 3303 fatetur
503 3260 536 3304 se
558 3242 747 3303 extractum.
787 3237 905 3302 Verum
919 3242 969 3302 est
990 3258 1049 3301 nos
1072 3241 1105 3300 et
1127 3238 1212 3319 ipsos
1235 3235 1401 3301 laboribus

171 3323 323 3388 itinerum
350 3325 491 3406 peractis
520 3325 723 3390 incommoda
751 3324 979 3406 angustiasque
1001 3323 1116 3406 quibus
1140 3321 1282 3387 defuncti
1304 3323 1401 3387 simus

170 3409 277 3475 ridere
299 3411 480 3494 multosque
501 3412 574 3477 inde
596 3412 683 3478 iocos
698 3410 896 3494 facetiaeque
911 3432 1026 3492 capere
1048 3410 1167 3488 solere;
1190 3415 1400 3474 veruntamen

172 3497 254 3562 talia
285 3497 441 3563 accedunt
471 3499 563 3582 quasi
592 3499 814 3563 additamenta
843 3505 876 3562 et
905 3497 1078 3562 corollaria
1107 3496 1280 3580 quasdam;
1315 3495 1401 3579 apud

171 3584 343 3650 Horatium
366 3585 446 3650 nihil
468 3586 605 3651 invenies
627 3586 689 3650 nisi
710 3605 813 3668 nugas
843 3585 896 3649 vix
918 3584 1048 3667 dignas,
1081 3591 1215 3666 propter
1237 3603 1316 3666 quas
1339 3584 1402 3648 iter

171 3677 240 3736 tam
262 3673 479 3756 longinquumx
492 3680 549 3738 aut
571 3673 766 3756 suscipiatur
789 3676 846 3736 aut
869 3678 1048 3736 enarretur.
1090 3671 1139 3734 An
1161 3690 1235 3734 vero
1258 3670 1402 3735 locorum

172 3759 367 3824 amoenitate
388 3763 486 3842 polita
510 3757 714 3825 delectatur?
747 3759 808 3823 Vix
830 3781 876 3822 vv.
903 3761 950 3824 10.
976 3765 1009 3823 et
1030 3759 1081 3823 26.
1106 3756 1227 3840 aliquid
1250 3757 1399 3836 occurrit,

170 3845 204 3908 in
233 3867 295 3930 quo
322 3846 492 3929 vestigium
521 3847 616 3911 huius
638 3847 685 3912 rei
714 3844 945 3928 deprehendas.
990 3844 1167 3908 Identidem
1189 3851 1301 3927 crepat
1323 3865 1399 3908 cau-

171 3954 285 4015 ponas,
318 3934 411 4016 quasi
433 3933 522 3998 nulla
544 3955 579 3998 re
602 3934 667 3998 alia
688 3937 859 4017 pottarum
882 3932 980 3996 animi
1001 3932 1206 3996 incalescant.
1252 3932 1295 3994 At
1318 3931 1401 3995 enirn

170 4041 242 4085 cum
257 4019 374 4085 ardore
389 4020 529 4103 quodam
546 4021 643 4086 animi
658 4041 740 4085 novo
762 4024 796 4084 et
817 4020 850 4084 in
867 4019 927 4084 hoc
941 4021 1088 4101 podmate
1111 4017 1256 4083 inaudito
1280 4018 1399 4082 mentio

169 4106 207 4171 fit
229 4106 268 4171 de
291 4107 466 4172 amicorum
488 4129 624 4174 occursu
646 4115 679 4173 et
700 4107 866 4189 complexu
888 4129 915 4170 v.
933 4107 974 4172 39
999 4128 1039 4170 ss.
1065 4105 1219 4170 Concede.
1256 4103 1319 4169 Sed
1341 4105 1402 4169 hoc

170 4193 254 4258 idem
277 4199 326 4259 est
348 4193 555 4276 documento,
590 4195 690 4277 ipsius
713 4194 837 4260 itineris
869 4192 1043 4276 aegerrime
1065 4196 1194 4274 politam
1216 4190 1330 4256 tulisse
1352 4192 1400 4256 in-

172 4280 355 4362 commoda,
387 4280 507 4364 gaudia
538 4304 576 4346 ex
597 4280 832 4366 peregrinando
862 4279 1042 4363 percepisse
1068 4279 1164 4344 nulla.
1211 4277 1293 4355 Quid
1316 4278 1402 4362 quod
1493 4305 1498 4324 =

169 4366 231 4431 ioci
254 4368 368 4451 quibus
390 4368 471 4434 haec
491 4372 643 4452 poemata
674 4369 718 4456 (I,
742 4368 771 4434 5.
798 4370 825 4433 7.
851 4367 896 4450 8.)
929 4373 1086 4431 ornantur
1108 4366 1131 4429 ii
1154 4372 1246 4446 sunt,
1275 4366 1328 4448 qui
1350 4367 1401 4429 vix

171 4453 318 4519 calonum
339 4455 540 4540 lixarumque
570 4456 701 4523 auribus
723 4454 950 4532 blandientum
985 4459 1054 4518 tam
1082 4453 1132 4518 vel
1155 4453 1304 4518 obscoeni
1326 4459 1401 4518 sunt
