3234 5054
704 281 753 332 su.
773 281 793 344 1,
811 276 835 331 a.
1346 279 1388 345 33

147 468 267 535 cidium
290 469 434 548 oriatur3
458 467 539 533 adeo
561 469 595 533 in
610 468 777 533 itineribus
800 468 967 534 contraria
988 473 1204 551 prorumpunt
1224 468 1332 533 studia
1356 475 1388 534 et

145 555 350 639 cupiditates.
390 554 461 619 Iam
484 556 588 638 qualis
611 555 741 622 Horatii
763 555 824 619 hoo
847 556 881 618 in
902 555 1027 634 itinere,
1053 554 1081 618 si
1102 554 1203 637 ipsius
1227 556 1389 637 sequimur

147 643 390 722 auctoritatem,
414 641 538 707 indoles
562 634 723 725 appareat
745 648 778 706 et
800 642 970 723 ingenium,
994 642 1039 706 eis
1062 661 1145 724 quae
1162 640 1228 706 iam
1243 642 1388 708 animad-

145 730 301 795 vertimus
336 729 477 812 exoeptis
510 729 653 794 breviter
684 749 920 812 percurramus.
974 728 1009 791 In
1044 749 1122 794 cena
1152 727 1388 810 frugalissimus
1453 739 1456 746 ’

146 837 252 899 aquae
273 816 447 898 plurimum
469 815 586 880 tribuit
606 822 638 881 et
652 816 740 898 pani,
764 821 873 880 cetera
896 835 936 878 ne
951 815 1160 881 nominantur
1175 815 1304 898 quidem
1326 815 1387 880 nisi

144 902 234 967 turdi
257 901 328 988 (sed
350 901 466 988 macri)
490 908 523 966 et
544 903 648 985 pisces
673 900 750 989 (uno
774 901 908 968 adiect:
932 901 1074 986 piscosi).
1130 901 1192 967 Sed
1215 908 1252 966 ut
1273 903 1386 984 paucis

146 991 180 1052 in
214 988 358 1054 cenando
390 988 597 1072 potandoque
628 995 798 1054 contentus
827 986 1019 1052 munditiam
1048 988 1151 1071 pluris
1180 987 1260 1054 facit
1292 1011 1389 1071 quam

145 1076 355 1158 opulentiam,
372 1076 420 1140 ita
434 1075 563 1140 labores
580 1079 613 1139 et
626 1076 793 1141 molestias
810 1074 993 1144 subeundas
1010 1095 1106 1157 saepe
1121 1075 1172 1141 vel
1186 1075 1386 1158 pertimescit

144 1161 196 1226 vel
218 1163 444 1245 pertimescere
470 1161 597 1227 dieitur.
652 1161 853 1245 Quamquam
883 1183 947 1244 qua
977 1168 1026 1226 est
1057 1161 1280 1244 simplicitate,
1317 1184 1389 1244 cum

144 1248 295 1314 inertiam
318 1271 409 1314 suam
432 1248 501 1332 lpse
524 1249 629 1314 soleat
651 1270 820 1329 accusare,
855 1249 943 1314 haud
966 1249 1031 1314 scio
1062 1269 1105 1313 an
1126 1249 1251 1330 pigrior
1273 1247 1386 1314 multis

145 1341 178 1400 et
200 1336 335 1401 inertior
357 1357 455 1419 quam
472 1342 522 1402 est
545 1357 615 1401 esse
631 1335 786 1401 videatur.
823 1335 886 1400 Sed
908 1356 1011 1419 aequo
1034 1333 1174 1400 fortasse
1196 1336 1298 1418 magis
1324 1334 1387 1400 sel-

144 1421 253 1488 licitus
276 1427 325 1488 est
349 1422 388 1487 de
410 1421 603 1488 valetudine.
650 1422 757 1488 Oculis
781 1421 919 1506 quidem,
944 1443 1080 1505 quorum
1101 1420 1233 1487 laborat
1256 1422 1388 1504 lippitu-

145 1509 230 1589 dine,
253 1530 367 1574 cavere
381 1531 447 1574 non
463 1509 580 1576 desinit
604 1509 699 1596 (cena
714 1532 761 1574 vv.
780 1511 885 1588 7—9,
908 1509 985 1574 ludo
1003 1530 1031 1575 v,
1048 1510 1100 1576 48.
1125 1509 1277 1589 abstinet,
1303 1508 1389 1572 fumo

145 1601 282 1662 vexatur
305 1597 355 1662 80.
380 1595 455 1682 81.).
502 1595 592 1661 Idem
624 1596 657 1661 in
679 1595 859 1675 amoribus,
896 1597 957 1662 etsi
987 1595 1136 1660 libidines
1164 1617 1230 1660 non
1260 1597 1389 1660 omnine

145 1683 328 1764 compescit,
351 1688 480 1748 tantum
504 1683 597 1748 abest
619 1687 657 1748 ut
672 1684 823 1762 insaniat,
835 1681 884 1747 ‘ut
899 1683 968 1766 ipse
991 1704 1024 1747 se
1046 1682 1160 1749 leviter
1183 1682 1224 1748 ob
1246 1681 1319 1747 illas
1343 1683 1390 1746 vi-

146 1768 264 1834 deatur
286 1770 514 1852 perstringere,
549 1769 596 1834 Ac
611 1769 751 1835 fortasse
773 1769 881 1853 puella
905 1770 946 1835 ob
966 1768 1128 1852 idipsum,
1153 1769 1229 1852 quia
1252 1787 1317 1833 non
1341 1767 1388 1833 fu-

145 1877 217 1922 rere
241 1857 445 1922 intellexerat
466 1859 608 1938 podtam,
632 1855 727 1922 fidem
750 1855 874 1922 fefellit.

251 1976 314 2042 Sed
336 1998 400 2060 quo
423 1981 493 2040 tum
514 1976 662 2058 frigidior
692 1979 725 2041 in
748 1977 928 2057 amoribus,
961 1998 998 2041 eo
1020 1977 1123 2060 magis
1146 1976 1285 2042 ardebat
1308 1976 1387 2040 ami-

146 2064 242 2143 citia,
267 2085 331 2146 qua
354 2062 435 2126 nihil
457 2063 488 2126 ei
509 2064 611 2128 visum
633 2084 702 2128 esse
726 2064 864 2144 dulcius,
888 2063 969 2128 nihil
990 2064 1211 2146 praestantius
1234 2062 1314 2128 haec
1338 2085 1389 2127 sa-

145 2153 213 2216 tira
235 2149 436 2215 nobilissimo
459 2154 509 2214 est
531 2149 732 2216 documento.

252 2262 391 2328 Maxime
406 2283 482 2326 vero
505 2267 538 2327 et
560 2262 728 2328 consilium
748 2267 782 2326 et
797 2262 978 2344 ingenuitas
994 2261 1093 2326 animi
1113 2261 1147 2325 in
1163 2262 1274 2326 iuvene
1295 2282 1389 2344 prae·
1454 2337 1457 2342 ¹

147 2349 259 2414 sertim
281 2352 379 2431 po‘e'ta
402 2350 553 2429 cernitur,
578 2348 606 2413 si
629 2370 701 2412 eum
724 2353 906 2431 spectamus
929 2369 1022 2412 usum
1045 2369 1107 2432 quo
1131 2369 1203 2412 cum
1226 2349 1388 2413 nobilibus

149 2441 248 2517 atque
277 2435 433 2516 imprimis
465 2457 536 2500 cum
567 2435 755 2500 Maecenate
785 2435 912 2500 iunctus
944 2441 1024 2499 erat.
1072 2433 1215 2511 Quacum
1247 2435 1390 2499 amicitia

151 2520 279 2584 vincula
302 2520 461 2602 quaedam
483 2544 517 2588 se
539 2521 681 2586 induisse
703 2520 818 2604 quibus
842 2521 1018 2586 obstrietus
1041 2521 1145 2586 minus
1169 2521 1269 2586 libere
1293 2542 1389 2605 quam

150 2606 246 2671 vellet
268 2608 402 2687 viveret,
435 2630 474 2674 ne
502 2609 572 2691 ipse
594 2607 721 2691 quidem
754 2608 945 2672 dissimulat.
992 2608 1074 2685 Quin
1103 2607 1164 2673 hoc
1187 2609 1272 2691 ipso,
1304 2608 1390 2691 qued

148 2715 251 2776 neque
272 2693 414 2759 taedium
436 2694 596 2760 infitiatur
619 2715 720 2777 neque
742 2694 791 2760 ita
806 2695 952 2778 queritur
974 2701 1011 2759 ut
1033 2695 1180 2778 ingratus
1196 2716 1265 2759 esse
1280 2694 1387 2759 videa-

148 2785 212 2860 tur,
245 2780 306 2846 hoc
328 2782 417 2864 ipso,
441 2783 590 2864 inquam,
618 2781 741 2846 factum
764 2787 814 2846 est
836 2782 897 2846 nisi
919 2781 1025 2860 fallor,
1060 2789 1097 2845 ut
1119 2783 1244 2863 gratior
1267 2782 1300 2844 in
1323 2781 1390 2846 dies

147 2865 329 2933 Maecenati
352 2875 445 2933 esset.
481 2871 526 2931 At
549 2869 632 2931 enim
654 2868 714 2932 tali
729 2868 825 2933 modo
849 2889 906 2932 suo
921 2867 1084 2932 moderari
1101 2869 1217 2947 animo,
1242 2867 1389 2951 indigna-

146 2955 268 3017 tionem
291 2953 495 3032 dissimulare
516 2975 575 3018 nec
598 2956 743 3019 servilem
766 2956 799 3019 in
821 2954 951 3018 modum
966 2955 1164 3019 taciturnum
1186 2955 1293 3019 omnia
1315 2976 1388 3037 per-

145 3040 215 3124 peti
237 3039 294 3104 sed
316 3039 417 3104 libere
438 3039 540 3105 videri
562 3040 667 3123 loqui,
702 3063 759 3106 nec
781 3048 891 3106 tamen
914 3061 1048 3124 prorsus
1081 3039 1182 3105 libere
1202 3042 1308 3107 vivere
1331 3041 1388 3106 sed

145 3128 231 3191 iram
255 3131 354 3208 atque
377 3125 485 3191 odium
506 3127 644 3192 fautoris
667 3134 761 3192 caute
784 3126 894 3210 fugere
916 3149 980 3192 non
1001 3133 1050 3192 eet
1073 3126 1217 3193 ardentis
1234 3128 1333 3192 animi
1357 3132 1390 3192 et

145 3212 299 3277 ferventis
333 3211 389 3276 sed
412 3213 490 3276 tecti
513 3214 749 3296 quodammodo
780 3220 813 3278 et
838 3235 939 3298 prope
961 3215 1091 3278 versuti.
1138 3213 1210 3280 Non
1233 3235 1387 3297 repugno.

146 3298 210 3364 Sed
232 3299 266 3362 id
285 3300 391 3381 ipsum
414 3305 464 3363 est
479 3299 608 3366 Horatii
631 3307 725 3365 caute
749 3321 845 3383 agere
867 3321 905 3365 ac
927 3299 1103 3383 prudenter
1125 3323 1183 3365 nec
1200 3306 1309 3365 tamen
1331 3299 1388 3364 fri-

146 3406 223 3468 gere
247 3387 354 3450 animo
378 3386 434 3450 sed
458 3386 612 3451 ardenter
636 3388 755 3452 amicos
779 3394 812 3453 et
834 3387 943 3451 studia
966 3387 1134 3469 amplecti,
1158 3409 1217 3452 nec
1239 3408 1315 3451 vero
1339 3408 1389 3451 so-

144 3474 213 3537 lum
243 3472 438 3536 incalescere
470 3479 502 3537 et
534 3473 738 3538 effervescere
768 3473 825 3538 sed
847 3475 945 3538 etiam
976 3475 1140 3556 sapienter
1170 3475 1220 3538 sui
1249 3474 1388 3556 impetus

146 3559 246 3623 animi
270 3558 443 3624 continere.
483 3559 576 3636 Quod
598 3561 660 3624 nisi
682 3566 854 3643 utrumque
877 3560 911 3624 in
934 3559 1046 3624 ecdem
1069 3560 1183 3624 fuisset
1204 3561 1286 3626 bene
1308 3561 1388 3624 mix-

145 3653 235 3724 tum,
259 3666 334 3708 num
356 3644 502 3710 futurum
523 3645 585 3710 fuit
607 3651 645 3711 ut
667 3646 822 3711 Horatius
845 3647 889 3731 (si
911 3646 992 3709 nihil
1014 3647 1077 3710 nisi
1100 3647 1207 3712 cautio
1231 3652 1263 3711 et
1286 3648 1389 3711 consi-

146 3733 227 3796 lium
250 3732 283 3794 in
300 3751 336 3794 eo
359 3730 487 3820 fuisset)
510 3733 707 3798 Maecenatis
724 3733 833 3798 oculos
855 3734 889 3797 in
904 3754 938 3797 se
953 3734 1177 3798 converteret?
1211 3732 1244 3798 Si
1266 3754 1389 3798 summo

145 3817 247 3883 animi
268 3817 416 3882 incensus
439 3819 556 3884 ardore
580 3818 656 3902 quid
678 3820 764 3884 inter
784 3840 818 3884 se
841 3825 874 3884 et
889 3818 1110 3884 Maecenatem
1132 3821 1303 3884 interesset
1324 3840 1389 3884 uon

145 3905 361 3984 meminisset,
396 3926 472 3969 num
499 3905 636 3970 duorum
659 3905 835 3970 amicitiam
865 3911 934 3970 tam
957 3905 1106 3970 stabilem
1136 3911 1234 3990 atque
1264 3905 1389 3970 indies

145 3991 363 4142 stabilioremI
379 3989 525 4058 futuram
547 3992 646 4057 fuisse
675 3992 852 4058 credibile?
898 3991 960 4056 Sed
982 3992 1044 4057 hac
1066 3991 1106 4058 de
1128 4015 1164 4058 re
1185 3992 1255 4057 vide
1278 3993 1388 4077 impri-

144 4077 208 4144 mis
231 4077 323 4160 epist.
365 4080 425 4158 ,l.

251 4189 341 4255 Idem
363 4190 440 4272 quid
462 4191 599 4255 senserit
621 4189 661 4254 de
682 4190 849 4274 republica
879 4189 907 4255 si
928 4211 993 4256 non
1020 4189 1120 4256 libere
1143 4189 1315 4274 profitetur
1337 4198 1390 4258 ta-

146 4297 222 4342 men
252 4297 316 4341 non
339 4277 405 4341 iam
426 4277 617 4342 dissimulat.
663 4276 763 4341 Amor
784 4277 913 4360 patriae
944 4278 977 4341 in
1003 4298 1051 4342 vv.
1076 4279 1214 4344 28-33.
1243 4298 1282 4343 ex
1305 4281 1390 4344 omni

147 4383 250 4448 prope
273 4363 377 4429 elucet
391 4383 468 4428 voce
491 4361 547 4427 sed
569 4364 626 4443 ita,
650 4370 687 4428 ut
709 4364 796 4445 ipsas
812 4363 993 4445 principum
1011 4364 1247 4430 controversias
1271 4366 1388 4448 quibus

147 4448 327 4534 periculum
350 4456 422 4516 erat
451 4469 490 4514 ne
520 4470 586 4532 pax
613 4456 646 4516 et
675 4448 849 4516 concordia
872 4450 1012 4516 civitatis
1040 4450 1230 4516 turbaretur
1262 4453 1390 4517 omnino

1149 4572 1167 4623 ὁ
