3234 5054
708 305 759 354 Sat.
777 306 797 366 1,
815 301 839 355 ὃ.
858 300 881 354 l.
1372 305 1412 368 37

173 492 304 557 worden
335 513 397 556 000
424 491 574 558 81110000
605 515 644 556 00
666 493 797 558 Wasser·
829 491 897 557 und
927 515 966 556 zu
993 492 1106 558 Laude
1137 492 1283 576 verdolgt.
1329 493 1413 558 Bald

173 584 287 662 taugte
310 577 370 644 das
392 578 488 644 Pferd
512 579 610 660 nicht,
633 579 712 645 bald
735 579 786 644 die
808 578 929 644 S'anfte.
974 579 1102 644 Einmal
1123 579 1241 644 kameu
1263 579 1317 659 sie,
1343 601 1413 644 000-

172 666 329 731 muthlich
351 666 385 730 in
399 665 574 746 Bruttium,
597 667 630 731 in
654 667 723 731 eine
746 687 827 750 ganz
849 667 1032 731 verlassene
1048 665 1189 748 Gogeud,
1213 687 1261 731 wo
1284 667 1412 730 sicum·

175 753 246 817 eine
269 752 412 836 syrischo
428 751 642 819 Gastwirthin
664 753 791 818 landen.
827 753 978 832 Lucilius,
1003 752 1060 818 der
1083 753 1156 818 sehr
1178 757 1336 838 gern'gut
1359 775 1413 818 ass

174 839 221 927 (in
237 841 345 906 001000
360 840 576 923 Fragmenten
599 839 679 904 wird
700 839 747 905 011
761 839 1062 906 Gastrouomisches
1085 839 1254 924 erwahnt),
1278 839 1411 922 beklagt

173 927 259 1005 sich,
293 925 370 990 dass
393 948 427 991 es
459 925 535 991 dort
556 926 648 991 keine
671 927 902 992 Lecherbissen
925 927 1005 1010 gab,
1036 927 1141 991 weder
1162 927 1304 990 Austern
1331 926 1413 992 noch

174 1013 310 1095 Spargel
333 1013 417 1078 noch
438 1012 647 1093 Aehnliohes3
675 1014 758 1078 deun
781 1035 813 1078 es
837 1013 945 1094 galteri
968 1035 1011 1078 an
1029 1014 1135 1098 jenem
1159 1013 1219 1078 Ort
1241 1013 1340 1077 sehon
1363 1013 1413 1078 ein

174 1099 299 1164 Becher
329 1100 388 1165 mit
420 1100 563 1164 elendem
585 1101 724 1166 Krdtuer
751 1099 818 1166 und
840 1099 1066 1165 Rauteulrraut
1093 1099 1146 1165 fiir
1169 1099 1410 1164 Delikatessen:

174 1191 284 1251 ostrea
306 1187 396 1250 nulla
418 1185 497 1266 fuit,
520 1208 585 1251 non
607 1209 770 1270 purpura,
794 1187 883 1252 nulla
905 1187 1024 1270 0010010
1048 1191 1143 1252 caes
1179 1187 1216 1250 Iu
1238 1186 1288 1250 his
1311 1208 1414 1268 neque

172 1273 277 1338 inesse
299 1273 455 1338 nonnulla
475 1280 588 1339 nostro
611 1275 753 1356 poemati
767 1273 953 1356 persimilis,
977 1295 1079 1356 neque
1092 1273 1229 1338 multum
1251 1279 1284 1337 et
1306 1271 1429 1338 hercle·

172 1359 268 1442 longe
290 1360 362 1442 plus
386 1360 541 1426 interesse
571 1360 656 1425 inter
677 1361 737 1426 hoc
768 1367 800 1426 et
822 1360 902 1424 illud
923 1361 1036 1444 negari
1057 1366 1175 1442 potest.
1221 1360 1412 1424 Accusatius

174 1446 208 1510 in
232 1446 294 1512 hac
316 1445 570 1530 fragmentorum
590 1449 738 1529 congerie
760 1453 917 1530 quantum
940 1469 979 1511 ex
993 1447 1115 1512 Lucilio
1131 1447 1312 1529 sumpserit,
1336 1446 1412 1529 quid

175 1534 245 1615 ipse
269 1532 448 1616 adgesserit
463 1533 619 1598 Horatius
642 1533 826 1599 discernere
847 1534 984 1599 aliorum
1007 1539 1040 1598 et
1062 1531 1274 1598 eruditiorum
1289 1533 1340 1598 011.
1375 1532 1412 1597 Id

176 1626 263 1684 certe
295 1625 442 1700 constat,
477 1641 548 1686 cum
578 1621 639 1686 hoc
668 1621 796 1686 omnino
819 1642 918 1703 genus
948 1641 1130 1685 sermonum
1159 1620 1322 1685 inventum
1345 1641 1414 1684 esse

177 1729 198 1770 0
220 1706 342 1771 Lucilio
366 1712 436 1771 tum
458 1707 582 1773 itineris
605 1708 748 1773 iocosam
770 1707 1035 1790 descriptionem,
1069 1707 1166 1771 immo
1193 1705 1280 1772 haud
1308 1727 1413 1789 pauca

175 1793 216 1857 ab
241 1814 277 1857 eo
308 1799 492 1858 mutuatum
521 1795 554 1858 10
577 1815 668 1859 0000
700 1795 895 1860 convertisse
925 1816 1017 1858 usum
1040 1793 1221 1858 Horatium.
1266 1791 1412 1857 Eundem

179 1901 255 1944 0000
279 1879 424 1944 ordinem
446 1901 571 1960 rerum,
601 1881 762 1946 rationem
784 1880 1011 1964 componendi,
1042 1880 1197 1963 imprimis
1220 1879 1413 1962 elegantiam

173 1988 212 2031 ae
233 1967 427 2032 brevitatem
449 1966 585 2048 dicendi,
609 1967 763 2051 quidquid
786 1967 921 2050 denique
944 1968 978 2031 iu
997 1988 1034 2032 eo
1058 1967 1262 2046 admiremur,
1287 1987 1352 2030 000
1375 1988 1413 2031 ex

172 2053 308 2206 <isthmus
330 2053 461 2137 petiisse
485 2055 628 2137 exemplo
652 2055 707 2119 sed
732 2076 770 2119 ex
793 2055 843 2118 sui
864 2055 1011 2119 hausisse
1033 2054 1184 2119 ubertate
1200 2053 1319 2136 ingenii
1342 2053 1412 2137 quis

194 2140 388 2206 citaverit?

277 2227 346 2292 Iter
360 2226 588 2302 Brundisinum
611 2249 640 2292 a.
658 2230 730 2294 717.
747 2249 777 2291 0.
795 2249 832 2307 0.,
855 2229 907 2293 37.
925 2248 954 2294 a.
968 2225 1053 2308 Chr,
1076 2226 1198 2292 factum
1215 2247 1285 2291 esse
1300 2225 1413 2290 Kirch-

174 2335 271 2378 uerus
294 2319 364 2379 tam
387 2315 482 2380 certis
506 2313 616 2380 docuit
639 2315 836 2396 argumentis
867 2319 905 2378 01
927 2314 988 2378 hac
1011 2313 1051 2379 de
1073 2335 1108 2378 re
1130 2313 1250 2395 ambigi
1272 2313 1337 2376 iam
1359 2333 1413 2376 ne-

174 2406 282 2482 queat.
328 2400 469 2466 Vernum
499 2400 597 2464 fuisse
626 2406 751 2483 tempus
783 2419 859 2464 num
886 2401 1002 2464 culices
1031 2421 1194 2483 ranaeque
1228 2421 1266 2464 00
1295 2399 1413 2462 000100

174 2486 345 2551 turdorum
377 2486 516 2552 doceant
544 2507 739 2570 quamquam
764 2508 830 2551 000
856 2487 936 2552 00110
965 2487 1070 2552 habeo
1100 2487 1302 2569 exploratum
1333 2485 1414 2550 adeo

175 2593 241 2636 nou
264 2593 361 2656 nego,
397 2579 434 2639 ut
457 2573 484 2638 si
506 2574 703 2657 suspiciones
726 2573 803 2638 licet
825 2573 915 2658 sequi
943 2574 1012 2639 vias
1034 2574 1142 2656 potius
1164 2573 1320 2649 imbribus
1344 2593 1413 2636 cor-

174 2665 288 2741 ruptas
319 2663 421 2725 testes
453 2660 607 2726 adhibere
628 2661 748 2726 malim.
793 2659 877 2724 Nam
909 2661 1031 2725 aestivo
1054 2665 1198 2742 tempore
1228 2665 1296 2724 tam
1319 2657 1412 2722 arida

175 2745 290 2810 humus
313 2753 363 2812 001
391 2753 429 2813 01
457 2747 508 2812 001
529 2747 711 2831 largissimo
734 2746 835 2812 imbre
867 2746 938 2811 viae
967 2747 1020 2811 rix
1046 2751 1303 2828 corrumpantur.
1349 2746 1414 2808 Aut

176 2853 309 2897 000000
331 2833 432 2916 igitur
451 2835 644 2918 relinquitur
676 2839 733 2898 001
754 2839 881 2916 100000
903 2834 1100 2900 autumnale.
1144 2833 1226 2898 Vere
1250 2836 1358 2896 autem
1381 2836 1414 2895 et

174 2920 258 2983 veris
284 2919 410 3002 quidem
433 2921 524 2986 initio
547 2921 722 2986 Antonium
752 2921 785 2984 10
811 2919 941 2986 ltaliam
969 2921 1093 2985 venisse
1115 2920 1281 3002 Appianas
1310 2917 1414 2983 tradit

174 3005 212 3084 V,
229 3007 288 3072 93:
314 3003 495 3098 ἀρχομένου
519 3010 539 3074 d
545 3005 554 3028 ’
578 3002 665 3098 ἦρος.
689 3029 716 3071 0.
732 3003 901 3072 1110011000.
925 3007 981 3070 1.1.
1005 3029 1035 3090 p.
1052 3008 1103 3074 58.
1137 3007 1198 3070 Illo
1214 3007 1313 3088 igitur
1329 3025 1413 3069 anno

174 3091 253 3174 quid
285 3091 407 3160 efficere
435 3095 579 3177 potuerit
606 3097 705 3178 poeta
734 3093 796 3158 hac
825 3095 929 3159 satira
958 3092 1110 3159 ridemus.
1154 3094 1268 3175 Itaque
1289 3091 1363 3156 hinc
1386 3091 1412 3154 si

174 3177 418 3262 proficiscimur,
453 3180 529 3264 quid
560 3187 635 3246 ante
664 3181 749 3246 hunc
775 3201 894 3245 aunum
922 3180 1152 3262 composuerit,
1187 3177 1263 3262 quid
1289 3185 1413 3261 postea,

175 3271 271 3331 caute
293 3287 331 3332 ac
354 3266 526 3350 diligenter
548 3267 723 3332 scrutando
747 3267 915 3350 explorare
937 3267 1054 3332 licebit.
1100 3267 1168 3330 lam
1191 3264 1276 3349 quod
1298 3270 1413 3347 postea

174 3352 322 3418 omnibus
344 3354 547 3436 propelocis
566 3355 636 3436 agit
657 3355 691 3418 in
707 3353 916 3434 sermonibus
939 3360 977 3419 ut
992 3353 1184 3418 adhortetur
1207 3352 1250 3417 ad
1265 3351 1412 3431 virtutes,

173 3462 193 3504 a
218 3439 304 3505 011110
328 3440 530 3521 absterreat,
554 3442 682 3506 omnino
705 3441 838 3520 doceat,
861 3446 1007 3520 moneat,
1030 3440 1184 3522 impellat,
1209 3439 1303 3522 quasi
1325 3459 1413 3502 more

173 3525 440 3609 philosophorum
471 3526 626 3611 quidquid
657 3528 865 3611 amplectitur
893 3527 927 3590 in
949 3549 987 3592 ec
1018 3527 1178 3608 copiosius
1200 3529 1357 3604 versetur,
1380 3525 1414 3588 in

172 3613 252 3676 hoce
282 3613 424 3679 nondum
452 3613 735 3679 animadvertimus
767 3634 920 3678 sermone.
963 3613 1033 3690 Qua
1062 3613 1102 3677 de
1124 3633 1223 3678 causa
1245 3616 1306 3676 001.
1330 3611 1356 3690 Ι,
1380 3613 1426 3676 2.·

174 3698 445 3785 (Ambubaiarum
468 3699 619 3787 collegia)
653 3701 732 3766 hace
759 3701 900 3784 priorem
930 3721 998 3765 esse
1029 3700 1107 3763 mihi
1138 3699 1266 3782 quidem
1297 3719 1413 3762 00000

174 3785 271 3868 longe
295 3786 421 3852 videtur
444 3788 628 3854 abhorrere.
674 3787 736 3852 Sed
759 3788 838 3852 haec
862 3787 953 3852 alias.
998 3787 1101 3852 Multo
1131 3787 1223 3851 huice
1245 3785 1413 3850 similiores

176 3877 254 3936 suut
277 3879 353 3940 satt.
377 3875 401 3954 I,
426 3878 454 3940 7.
480 3878 524 3954 8.,
559 3897 639 3958 quas
663 3875 737 3957 quia
760 3873 917 3957 inspicere
943 3875 984 3939 ab
1006 3874 1134 3957 incepto
1155 3877 1268 3938 nostro
1290 3871 1343 3936 vix
1365 3876 1414 3936 est

175 3958 324 4042 alienum,
347 3961 492 4026 nonnihil
514 3963 579 4026 iam
603 3961 641 4025 de
664 3962 709 4026 eis
732 3961 929 4026 adiiciamus.

681 4139 765 4225 Sat.
798 4139 837 4244 I,
871 4147 908 4226 7.

276 4304 347 4370 Hac
369 4305 527 4371 10001100
550 4304 626 4388 quid
648 4305 1140 4389 00000011001101100011001110,
1165 4326 1203 4369 ex
1217 4303 1288 4386 ipso
1310 4303 1412 4386 liquet

173 4389 314 4456 exordio.
359 4392 480 4475 Nempe
509 4393 635 4475 Regis
666 4393 810 4476 Rupili
838 4414 916 4476 pus
944 4413 1222 4471 acreueuum,
1258 4390 1410 4473 quoniam

172 4481 237 4542 nori
259 4478 343 4543 idem
366 4486 417 4544 est
442 4479 528 4563 quod
551 4479 635 4544 infra
666 4502 692 4544 0.
717 4481 758 4546 28
783 4502 824 4546 ss.
854 4477 1015 4544 effundere
1038 4477 1156 4544 dicitur
1187 4497 1244 4542 nec
1266 4476 1412 4559 Rupilius
