3234 5054
624 309 675 360 aar.
695 310 715 371 Ι,
734 305 760 371 5,
779 303 890 360 'ld-«81.
1338 308 1381 372 23

123 496 180 560 rei
203 516 276 560 curn
298 495 467 577 voluptate
489 498 587 578 potita
610 495 827 560 reminiscitur
849 501 886 561 ut
908 495 1066 560 neminem
1082 496 1164 561 nolit
1181 494 1322 562 adfuisse
1339 534 1379 543 -

125 583 282 647 convivas
303 581 416 646 avidos
441 589 473 648 ct
496 603 642 647 servos
664 583 875 648 timentes.
910 581 1038 648 Scilicet
1054 583 1103 648 illi
1125 587 1238 666 aperte
1261 588 1293 647 et
1315 582 1380 647 for-

124 669 212 733 titer
234 669 367 751 rapiunt
389 668 508 752 quippe
533 669 588 752 qui
610 690 675 734 non
698 669 929 751 pertimescant
959 691 999 733 ne
1022 667 1315 751 deprehendantur,
1347 669 1381 734 hi

124 755 246 821 furtim
261 755 450 839 surripiunt,
475 757 592 838 quippe
616 756 670 839 qui
686 756 842 820 ultionem
858 761 1005 821 metuant
1020 756 1266 822 atrocissimam.
1305 755 1381 820 Mox

124 841 220 907 infin.
245 842 356 906 velle
379 847 466 907 certe
489 863 555 906 non
569 841 620 906 ,ad
642 841 730 906 infin.
754 863 910 927 rapere
939 842 1076 928 (scilicet
1098 842 1250 922 advenae,
1274 841 1380 921 credo,

124 950 198 994 non
221 928 325 992 solum
347 928 519 992 voluerunt
541 949 658 1011 rapere
680 929 738 993 sed
760 929 974 1012 rapuerunt),
1012 928 1055 993 ad
1076 927 1162 994 infin.
1186 929 1288 1010 igitur
1314 949 1380 992 re-

126 1015 349 1096 stinguere
371 1013 557 1080 referendus
573 1021 631 1081 est.
677 1015 824 1098 Utrique,
849 1015 992 1080 advenae
1009 1022 1041 1081 et
1057 1016 1151 1094 servi,
1174 1015 1380 1098 quantulum-

129 1121 258 1183 cunque
287 1121 385 1166 cenae
415 1106 514 1167 antea
536 1122 666 1167 macrae
697 1107 767 1166 tum
790 1123 865 1167 vero
889 1102 1058 1168 ambustae
1081 1104 1154 1184 rapi
1175 1107 1306 1184 poterat
1328 1121 1381 1166 ra·

128 1192 281 1270 puerunt.
320 1187 420 1252 Iidem
444 1187 624 1274 (omncs)
647 1190 848 1270 restinguere
870 1189 1042 1252 voluerunt
1064 1187 1254 1253 incendium.
1295 1186 1379 1252 Cave

130 1273 235 1355 igitur
257 1294 298 1338 ne
319 1274 433 1357 culpae
457 1295 589 1340 accuses
613 1277 809 1340 innocentes.
845 1275 958 1340 Parati
975 1281 1069 1340 erant
1092 1295 1201 1339 omnes
1225 1273 1268 1339 ad
1290 1271 1381 1338 flam·

128 1380 205 1424 mas
227 1359 475 1442 restinguendae
499 1382 592 1444 opem
615 1361 714 1441 ferre,
742 1362 799 1426 sed
822 1361 898 1426 dum
921 1383 1012 1426 suam
1036 1361 1169 1444 quisque
1191 1360 1309 1426 famem
1333 1381 1381 1426 se-

130 1445 235 1511 dandi
258 1467 358 1512 causa
381 1446 537 1530 quidquid
560 1449 689 1513 obvium
712 1455 762 1513 est
783 1449 872 1530 rapit
893 1448 1076 1531 hauritque,
1101 1446 1224 1526 domus,
1255 1447 1379 1530 opinor,

130 1554 232 1616 quam
255 1554 364 1598 omnes
388 1555 465 1598 sane
488 1535 600 1599 volunt
622 1534 823 1616 restinguere
852 1533 988 1614 sedita,
1015 1539 1053 1598 ut
1075 1534 1137 1598 sibi
1160 1534 1293 1616 quisque
1315 1534 1382 1616 pri-

132 1640 225 1683 mum
248 1621 407 1700 consulat,
432 1621 587 1685 auxilium
610 1619 777 1686 ferendum
800 1623 916 1686 ceteris
939 1621 1119 1703 permittat,
1147 1629 1381 1684 concrematur.

128 1707 256 1788 Inque
279 1706 357 1788 quid
378 1706 548 1772 ridendum
570 1707 669 1773 fucrit
692 1708 719 1772 si
743 1709 889 1790 quaeris,
924 1706 996 1772 vide
1019 1706 1219 1790 quambene
1242 1706 1380 1789 hospitis

131 1791 302 1858 sedulitati
317 1793 461 1857 studium
475 1795 672 1878 respondeat
688 1793 885 1859 advenarum
901 1814 1139 1876 servorumque,
1157 1797 1282 1875 quanta
1297 1795 1381 1859 inter

132 1879 276 1944 advenas
308 1879 545 1945 illustrissimos
578 1888 610 1945 et
639 1881 839 1945 servulorum
866 1880 980 1964 vulgus
1012 1879 1187 1944 similitudo
1221 1885 1382 1962 appareat

133 1967 325 2044 animorum,
349 1974 472 2048 quanta
494 1969 527 2031 in
544 1967 646 2031 officio
666 1966 865 2051 praestando
886 1966 1059 2032 eorundem
1081 1963 1382 2056 πολυπραγμοσύνη

133 2059 169 2117 et
191 2052 268 2134 fuga
290 2052 449 2119 laborum.

240 2139 314 2203 Mox
337 2139 488 2222 Apuliam
511 2140 675 2222 ingressus
703 2161 799 2222 quam
822 2140 903 2205 bene
925 2138 1054 2224 patriae
1075 2138 1257 2202 meminerit
1279 2139 1383 2220 regio-

136 2225 196 2303 nis,
221 2223 315 2290 docet
336 2248 363 2291 v.
389 2229 428 2291 77
453 2247 494 2290 s:
531 2227 691 2308 Incipit
722 2249 768 2292 ex
791 2226 867 2292 illc
890 2233 1055 2290 montes
1077 2225 1235 2308 Apulia
1256 2232 1381 2289 notos

136 2317 362 2377 ostentare
383 2312 503 2392 mihi,
528 2315 561 2376 in
584 2334 646 2395 quo
670 2314 775 2395 ipsum
798 2312 991 2378 adiectivum
1014 2312 1138 2399 (notos)
1162 2311 1382 2375 testimonium

135 2403 187 2462 est
208 2399 350 2480 pietatis,
385 2401 432 2464 Ac
455 2399 561 2465 facete
584 2400 646 2464 sibi
669 2401 872 2482 potissimum
895 2405 1020 2464 montes
1044 2399 1203 2462 ostentari
1226 2398 1287 2462 sibi
1309 2417 1381 2480 per-

137 2484 255 2549 suadet
277 2485 363 2548 velut
385 2487 413 2550 si
436 2485 546 2569 patria
570 2493 604 2551 et
625 2486 697 2568 ipsa
721 2487 851 2550 alumno
874 2486 1015 2550 laetetur
1037 2483 1201 2549 redeunte.
1241 2483 1308 2548 Nec
1329 2491 1381 2548 ta-

137 2590 212 2634 men
234 2591 344 2636 emore
365 2575 494 2655 patriae
516 2576 634 2655 poetae
657 2573 877 2654 corrumpitur
899 2573 1060 2637 iudicium.
1101 2570 1256 2635 Torret
1279 2571 1381 2635 Ata-

138 2655 258 2722 bulus
279 2664 393 2724 ventus
416 2660 615 2742 perniciosus
638 2665 772 2738 montes,
798 2680 877 2741 quos
901 2679 1067 2742 nunquam
1089 2677 1273 2740 erepsemus
1297 2655 1381 2742 (tam

136 2743 267 2826 longum
290 2751 422 2827 tamque
438 2745 577 2810 arduum
599 2745 649 2810 vel
673 2747 706 2810 in
728 2748 839 2829 patria
861 2747 922 2810 iter
946 2752 996 2810 est
1016 2751 1054 2809 ut
1075 2745 1127 2807 vix
1147 2742 1263 2808 confici
1285 2764 1380 2826 posse

134 2829 316 2912 videatur),
351 2832 434 2896 nisi
465 2853 537 2897 nos
568 2834 708 2898 vicina
730 2832 887 2897 Trivici
909 2832 1017 2896 villa
1039 2829 1281 2911 recepisset.
1328 2829 1382 2894 Vi-

135 2915 210 2981 cina
225 2917 343 2981 Trivici
365 2918 385 2980 i.
404 2939 429 2982 e.
452 2940 555 3001 prope
570 2920 636 2984 sita
651 2919 693 2984 ab
710 2919 828 3002 oppido
845 2919 970 2984 Trivico
996 2937 1079 3000 ,quo
1101 2916 1249 2980 vehicula
1271 2917 1382 2981 iuncta

135 3002 291 3067 accedere
313 3012 494 3085 nequeunt:
531 3026 606 3090 ergo
629 3007 787 3070 Horatius
811 3005 853 3070 ad
875 3005 985 3070 villam
1008 3003 1176 3068 devertit“.
1224 3002 1317 3079 Quod
1339 3003 1381 3067 ab

137 3089 319 3154 scholiasta
342 3089 535 3157 adnotatum
565 3113 624 3176 pro
647 3092 723 3158 ficto
754 3091 869 3157 haben.
914 3091 1013 3174 Finge
1037 3090 1121 3154 enim
1141 3089 1296 3154 vehiculis
1319 3089 1382 3153 iter

135 3175 260 3240 factum
284 3197 368 3256 esse,
399 3198 464 3242 non
486 3186 555 3244 tam
577 3179 689 3244 molles
712 3178 761 3242 illi
783 3185 815 3243 et
838 3175 1013 3242 effeminati
1035 3182 1148 3256 erant,
1181 3182 1305 3240 utnon
1329 3197 1381 3239 ex-

135 3263 248 3344 iguum
270 3263 421 3345 spatium,
446 3286 509 3348 quo
525 3266 685 3331 Trivioum
706 3265 859 3348 oppidum
882 3264 977 3329 a'via
1001 3264 1126 3341 aberat,
1149 3262 1285 3345 pedibus
1307 3282 1381 3343 pos-

135 3354 211 3412 sent
234 3350 366 3414 emetiri.
403 3351 465 3416 Sed
487 3351 568 3416 nihil
591 3352 739 3417 omnibus
762 3353 811 3416 his
826 3352 973 3416 versibus
997 3350 1036 3414 de
1058 3349 1210 3413 vehiculis
1233 3349 1378 3431 legimus.

137 3434 354 3510 Quamobrem
376 3437 439 3502 iter
460 3438 596 3521 pedibus
619 3438 743 3504 factum
765 3460 830 3502 non
849 3459 919 3502 esse
941 3437 1020 3501 mihi
1042 3435 1170 3518 quidem
1192 3435 1382 3518 persuaderi

136 3520 281 3586 nondum
303 3525 419 3607 potuit.
465 3524 608 3605 Defessi,
643 3526 833 3608 priusquam
855 3525 1014 3589 Trivicum
1046 3521 1284 3605 oppidumque
1308 3543 1381 3586 con-

134 3608 274 3674 tendunt
288 3611 501 3692 pervenirent,
523 3633 595 3676 curn
610 3618 740 3694 praeter
756 3633 846 3694 spem
870 3610 1101 3698 (nunquam
1124 3629 1381 3690 erepsemus,

135 3696 230 3776 quasi
244 3697 310 3759 iam
325 3697 493 3762 timuerint
506 3719 546 3764 ne
561 3719 725 3780 nunquam
741 3697 923 3784 creparent)
946 3697 1056 3761 uillam
1075 3694 1230 3775 viderent,
1255 3696 1381 3777 copiam

135 3781 190 3844 hic
211 3782 425 3865 pernoctandi
447 3783 531 3849 forte
555 3785 700 3850 oblatam
722 3784 817 3863 laeti,
852 3782 964 3862 oredo,
993 3783 1210 3865 arripuerunt.
1256 3781 1327 3858 Qua
1349 3781 1382 3844 in

135 3868 216 3956 villa
238 3869 299 3934 etsi
320 3871 587 3952 permediocriter
615 3871 676 3935 viri
698 3871 823 3936 nobiles
845 3870 995 3935 videntur
1024 3875 1057 3934 et
1078 3869 1245 3933 habitasse
1276 3874 1309 3932 et
1332 3888 1382 3932 ce-

134 3975 242 4036 nasse,
266 3961 375 4020 tamen
389 3977 454 4021 non
470 3957 552 4022 talia
567 3958 715 4042 queritur
729 3962 828 4040 poeta
843 3956 900 4022 sed
923 3955 964 4020 fu
974 3977 1075 4021 mum
1091 3954 1381 4034 lacrimosum,

133 4041 233 4124 lippis
257 4042 299 4128 (v.
323 4045 374 4109 30.
400 4042 467 4130 49.)
490 4045 579 4109 haud
602 4044 699 4110 dubie
720 4044 858 4109 maxime
880 4044 1025 4108 invisum.
1071 4041 1144 4105 Nox
1166 4039 1382 4124 quodsgelida

137 4135 188 4194 est
209 4129 273 4194 iter
296 4130 329 4194 in
350 4151 485 4196 vernum
507 4131 648 4196 incidere
669 4137 797 4214 tempus
820 4130 934 4195 haberi
956 4135 1065 4212 potest
1093 4149 1153 4211 pro
1177 4127 1379 4206 documento,

137 4236 334 4298 quamquam
363 4223 474 4282 noctes
497 4218 623 4300 gelidae
653 4217 687 4282 in
715 4217 900 4300 regionibus
922 4216 1084 4281 montanis
1115 4235 1155 4278 ne
1186 4214 1228 4279 ab
1256 4219 1383 4278 aestate

139 4302 266 4382 quidem
289 4303 414 4368 alienae
437 4310 521 4370 sunt.
562 4304 624 4369 Sed
646 4304 815 4388 indigenas
830 4303 1017 4369 rusticiores
1040 4301 1139 4366 fuisse
1160 4301 1263 4384 liquet
1285 4320 1383 4384 quam

138 4389 193 4470 qui
216 4389 414 4455 advenarum
440 4390 521 4456 bene
550 4392 755 4456 consulerent
784 4391 1041 4455 necessitatibus.
1089 4387 1154 4452 Nec
1184 4394 1293 4452 tamen
1316 4385 1382 4450 Ho-

134 4476 242 4541 ratius
257 4477 412 4558 homines‚
436 4477 491 4560 qui
508 4476 608 4543 udos
628 4500 714 4542 cum
733 4477 856 4542 foliis
875 4496 1009 4542 ramos
1032 4474 1182 4554 urebant,
1206 4473 1263 4538 sed
1278 4472 1382 4538 facete
