3234 5054
210 221 251 286 10
698 222 748 272 sa.
768 223 789 286 1,
807 219 833 286 a,
851 217 961 272 14-19.

208 432 277 476 esse
299 409 447 476 videatur
479 409 593 498 (supra
614 433 643 475 v,
666 411 696 478 5.
727 411 789 475 iter
811 411 919 495 ignavi
948 410 1121 475 divisimus.
1168 410 1235 475 Sat.
1259 410 1285 490 Ι,
1311 413 1341 490 6,
1368 411 1448 476 1223

211 499 252 562 ad
269 503 420 581 quartam
436 497 536 578 iaceo,
558 497 733 581 posthanc
747 497 873 597 vagor),
898 519 969 563 cum
990 497 1021 562 h.
1038 498 1059 562 l.
1083 503 1188 563 totam
1204 497 1321 562 abiisse
1334 497 1450 561 horam

207 586 422 664 lamentatur,
461 585 511 650 sui
541 584 610 668 ipse
647 606 712 651 nou
744 591 794 650 est
827 585 1016 650 dissimilis?
1079 583 1236 649 Videlicet
1272 583 1322 648 his
1353 584 1450 649 rebus

207 673 323 737 horam
346 671 436 736 abire
457 671 645 755 indignatur
667 672 754 737 velut
776 672 864 736 mula
879 671 1020 754 liganda,
1051 691 1126 736 aere
1142 670 1306 754 exigenda
1329 670 1363 734 in
1386 691 1449 754 quo

208 781 305 842 quam
327 780 391 823 non
413 759 440 822 is
463 757 562 824 fuerit
590 760 646 841 qui
666 760 771 842 patris
794 760 954 824 exactoris
981 759 1164 842 susciperet
1187 759 1318 840 negotia
1352 757 1451 846 (tam-

208 847 271 910 etsi
292 846 361 928 ipse
382 843 568 928 profitetur:
603 867 706 929 neque
729 866 788 928 ego
813 867 915 910 essem
938 851 1071 928 questus
1097 845 1164 910 Sat.
1189 845 1220 924 1,
1245 849 1283 923 6,
1307 845 1364 928 87)
1393 866 1450 926 ap-

207 938 311 1014 paret.
342 931 452 1014 Neque
474 932 536 998 hac
559 938 675 998 exacta
697 933 779 997 hora
802 931 874 997 finis
903 932 996 997 adest
1018 933 1186 996 malorum.
1220 931 1323 996 Mali
1344 931 1450 995 culi-

209 1041 270 1084 ces
303 1040 512 1102 ranaeque
544 1020 768 1102 palustres
795 1058 847 1084 —.
897 1019 1083 1098 Palustres,
1115 1019 1239 1101 opinor,
1266 1038 1331 1082 uon
1352 1017 1449 1082 modo

207 1127 308 1172 ranae
331 1105 478 1170 suntsed
494 1106 592 1171 etiam
608 1107 734 1187 aulicae,
761 1106 840 1170 mali
855 1105 971 1171 culices
987 1112 1125 1186 tantum,
1149 1127 1218 1180 non,
1228 1126 1339 1185 ranae,
1364 1126 1448 1188 quae

207 1193 270 1258 nisi
284 1193 371 1277 quod
385 1214 480 1257 aures
496 1193 643 1258 cruciant
659 1195 722 1258 iter
736 1214 802 1258 non
816 1193 940 1258 faciant
954 1193 1134 1258 molestum.
1165 1193 1193 1256 Α
1207 1193 1330 1256 maiore
1348 1191 1449 1274 igitur

207 1280 293 1344 malo
316 1279 358 1344 ad
380 1281 484 1344 minus
508 1279 722 1345 descenditur.
778 1280 941 1345 Nimirum
963 1301 1001 1344 ex
1024 1279 1158 1343 inimicis
1182 1300 1278 1362 quam
1300 1279 1448 1360 plurimis

208 1366 398 1432 accusandis
419 1386 508 1432 mens
532 1387 630 1449 aegra
661 1367 755 1450 quasi
783 1367 938 1432 solacium
972 1367 1054 1448 petit
1082 1364 1238 1430 dolorum.
1284 1365 1363 1430 Mali
1385 1366 1445 1430 cul.

207 1477 234 1519 r.
257 1476 288 1536 p.
312 1459 517 1518 avertunt
539 1475 708 1519 somnos.
757 1453 827 1519 Hoc
849 1475 975 1537 quoque
997 1452 1067 1518 loco
1090 1456 1192 1536 po'eta
1214 1473 1280 1516 non
1302 1451 1364 1517 sibi
1386 1452 1447 1516 soli

208 1540 363 1606 sollicitus
379 1546 429 1605 est
451 1541 581 1625 (ceteris
597 1542 681 1605 enim
703 1561 782 1623 quos
797 1541 994 1606 Fritzschius
1018 1541 1130 1605 attulit
1143 1539 1227 1604 locis
1252 1538 1292 1603 dc
1306 1539 1447 1621 plurium

207 1629 348 1692 noctium
372 1628 480 1709 agitur
503 1649 624 1709 somno,
646 1628 681 1691 id
703 1627 789 1710 quod
810 1627 844 1691 in
865 1627 1066 1692 huuclocum
1088 1648 1152 1690 non
1175 1625 1349 1712 convenit).
1384 1624 1443 1690 His

105 1717 108 1724 '
207 1720 260 1781 tot
286 1714 441 1780 molestiis
471 1713 535 1779 alia
563 1714 651 1778 haud
680 1736 758 1779 sane
784 1714 884 1779 levior
912 1712 1045 1780 aceedit.
1090 1712 1308 1778 Absentem
1345 1711 1444 1800 (ut?)

208 1807 348 1866 cantat
380 1801 542 1866 amicam
564 1841 616 1868 —-.
661 1801 843 1867 Nautarum
866 1807 899 1865 et
921 1801 989 1867 h.l.
1014 1806 1046 1865 et
1068 1799 1153 1864 infra
1175 1821 1203 1868 v.
1229 1801 1278 1865 19.
1302 1801 1354 1866 22.
1378 1820 1442 1864 me·

208 1894 356 1953 moratur
381 1909 480 1966 unus,
515 1910 614 1971 supra
643 1910 670 1952 v.
697 1890 746 1953 11.
776 1888 899 1971 plures,
935 1894 992 1952 aut
1022 1887 1097 1970 quia
1128 1888 1162 1950 in
1190 1885 1380 1970 appellando
1412 1894 1445 1951 et

208 1975 279 2040 vela
312 1974 419 2040 dando
453 1975 509 2040 alii
543 1975 759 2046 subvenerant
791 1981 849 2040 aut
881 1975 957 2057 quia
984 1974 1093 2056 plures
1123 1973 1200 2038 Fori
1229 1973 1313 2056 Appi
1350 1979 1443 2038 erant

208 2062 337 2142 lintres,
380 2082 517 2144 quarum
549 2083 615 2126 una
650 2084 670 2127 a
703 2065 801 2144 poeta
834 2082 1007 2126 conscensa
1040 2062 1105 2126 iam
1139 2059 1178 2124 de
1211 2059 1325 2124 ceteris
1359 2065 1445 2124 tace-

208 2155 272 2214 tur.
328 2148 377 2212 De
403 2148 563 2213 viatore
590 2171 618 2212 v.
651 2169 734 2231 quae
762 2147 901 2214 Dillenb.
932 2147 1117 2226 adnotavit,
1148 2147 1198 2211 cui
1226 2167 1291 2210 non
1316 2145 1445 2224 intelle-

201 2234 347 2318 ¹gendum
373 2255 442 2299 esse
474 2235 645 2299 mulionem
679 2234 719 2300 ob
749 2234 782 2298 id
815 2234 1017 2316 potissimum
1043 2234 1212 2313 assentior,
1246 2232 1332 2316 quod
1361 2233 1445 2297 infra

208 2345 237 2386 v.
261 2324 313 2388 22.
342 2321 399 2386 ubi
420 2341 525 2404 poena
547 2321 656 2386 danda
679 2327 729 2386 est
751 2321 830 2385 nihil
851 2321 917 2385 iam
940 2321 980 2385 de
1001 2342 1038 2385 eo
1061 2320 1213 2386 traditur.
1264 2320 1348 2384 Num
1370 2341 1444 2384 vero

208 2409 315 2473 viator
336 2409 443 2472 nescio
466 2408 536 2491 quis
559 2408 693 2492 pedibus
716 2409 749 2472 in
771 2408 843 2491 ripa
865 2408 1047 2492 propinqua
1069 2407 1237 2474 incesserit
1269 2411 1320 2492 (ut
1342 2407 1444 2471 Krue·

209 2516 286 2578 gero
309 2494 450 2582 videtur)
483 2517 678 2579 magnopere
700 2495 821 2561 dubito.
867 2495 1052 2558 Proximum
1074 2515 1149 2558 vero
1172 2500 1222 2559 est
1256 2493 1356 2578 (quod
1378 2493 1444 2576 ple-

76 2608 81 2613 ·
208 2583 315 2665 risque
337 2581 458 2669 placet)
482 2581 521 2646 de
544 2583 764 2664 navigantium
790 2603 855 2646 uno
878 2582 1020 2647 alterove
1043 2583 1194 2664 cogitare.
1239 2579 1350 2662 Neque
1372 2580 1444 2644 usui

209 2669 374 2736 collective
396 2675 557 2751 repugnat
578 2668 665 2752 quod
687 2669 721 2732 in
742 2669 850 2750 priore
866 2669 992 2732 nomine
1015 2667 1146 2755 (nauta)
1170 2688 1255 2732 num.
1273 2667 1444 2749 singularis

209 2776 273 2820 non
294 2755 426 2838 ponitur
449 2755 620 2820 collective.
660 2754 812 2820 Similiter
833 2775 892 2819 nos
909 2755 989 2820 duos
1010 2756 1102 2820 iuxta
1123 2755 1271 2838 ponimus
1293 2773 1442 2818 numeros

209 2843 397 2925 singulares,
422 2863 557 2925 quorum
572 2864 664 2922 unus,
687 2863 752 2906 non
768 2841 841 2922 duo,
865 2842 1028 2906 collective
1043 2848 1221 2925 usurpatur
1245 2840 1443 2927 (‚,Kutscher

208 2929 274 2994 und
295 2929 511 3015 Passagier“).
547 2929 615 2994 lam
636 2950 712 2994 vero
735 2934 832 2994 cantu
854 2934 891 2994 ut
913 2929 1056 3012 plerique
1073 2929 1258 2993 mortalium
1282 2926 1442 2992 delectan-

206 3024 261 3082 tur
283 3015 370 3081 dulci
391 3015 560 3098 doctoque,
583 3016 631 3081 ita
654 3017 830 3098 aegerrime
852 3015 960 3080 ferunt
982 3016 1148 3081 incultum.
1194 3013 1287 3091 Quod
1309 3036 1382 3079 cum
1404 3012 1443 3076 de

208 3103 295 3168 omni
317 3109 416 3168 cantu
437 3102 644 3168 iudicandum
670 3109 733 3182 est,
767 3109 837 3167 tum
858 3103 996 3168 maxime
1018 3103 1052 3166 in
1074 3101 1219 3166 carmina
1242 3100 1331 3168 cadit
1355 3121 1443 3165 ama-

207 3190 302 3254 toria.
348 3191 453 3272 Atque
487 3189 652 3254 absentem
686 3188 814 3271 quidem
847 3195 960 3254 cantat
994 3188 1158 3274 (flebiliter
1184 3186 1297 3275 igitur)
1331 3194 1441 3268 nauta,

206 3278 302 3342 homo
325 3275 414 3340 rudis
438 3282 470 3341 et
491 3277 641 3355 rusticus,
664 3276 811 3358 prolutus
835 3276 854 3340 i.
876 3298 901 3340 e.
926 3275 1033 3341 ebrius
1049 3297 1165 3359 vappa,
1189 3275 1278 3340 ouius
1301 3275 1371 3358 ipso
1395 3273 1442 3338 of-

207 3363 349 3428 fendaris
373 3362 480 3428 odore.
527 3363 670 3428 Cantant
699 3370 806 3428 autem
834 3369 961 3428 nauta
993 3368 1109 3446 atque
1131 3363 1286 3440 viator3
1322 3361 1443 3426 scilicet

208 3450 236 3514 si
258 3450 457 3515 convenisset
479 3449 564 3516 inter
578 3451 721 3514 viatores
737 3471 761 3516 s.
777 3456 931 3529 vectores,
955 3449 1049 3515 facile
1063 3454 1194 3532 poterat
1215 3454 1318 3513 nauta
1339 3447 1444 3514 vetari

207 3557 247 3602 ne
269 3538 472 3620 importunus
496 3543 581 3602 esset
603 3541 717 3616 cantu,
741 3536 797 3601 sed
818 3537 903 3602 inter
925 3537 1012 3620 ipsos
1035 3537 1225 3618 navigantes
1249 3535 1343 3600 eheu!
1369 3541 1444 3599 sunt

207 3623 262 3708 qui
292 3645 364 3688 cum
386 3629 487 3688 nauta
515 3623 621 3689 facere
643 3623 758 3688 malint
786 3645 883 3707 quam
909 3645 982 3688 cum
1004 3622 1182 3689 comitibus.
1231 3621 1442 3687 Certatim:

205 3731 325 3794 magna
347 3710 447 3792 igitur
468 3731 553 3791 voce,
577 3711 644 3775 utri
666 3710 776 3792 palma
799 3710 974 3775 deferenda
996 3712 1049 3790 sit,
1073 3707 1279 3776 contendunt.

310 3796 478 3862 Tandem
501 3796 632 3862 fessus
655 3797 827 3862 dormire
849 3797 981 3862 viator
1004 3797 1146 3880 incipit
1169 3795 1338 3883 (rt-18).
1373 3794 1444 3858 Iam

207 3905 279 3949 oum
302 3889 425 3949 ceteros
447 3889 516 3948 tum
538 3887 669 3966 potitam
697 3890 748 3948 tot
770 3883 944 3967 fatigatum
972 3884 1139 3949 laboribus
1163 3903 1309 3947 somnum
1331 3886 1443 3964 captu-

206 3993 279 4035 rum
302 3991 370 4036 esse
393 3991 569 4054 speramus.
615 3970 678 4036 Sed
706 3970 792 4055 quod
815 3976 884 4035 tam
906 3971 986 4036 bene
1008 3970 1136 4035 videtur
1159 3968 1319 4048 accidere,
1354 3967 1443 4032 aliud

206 4056 280 4123 inde
310 4057 432 4122 malurn
459 4057 614 4122 nascitur.
673 4057 861 4141 Exemplum
888 4059 971 4122 enim
996 4057 1130 4122 viatoris
1157 4061 1260 4120 nauta
1286 4055 1442 4120 imitetur.

208 4144 409 4227 Quamquam
433 4143 487 4208 ille
502 4143 606 4209 fessus
621 4144 745 4224 itinere,
768 4145 820 4210 hic
842 4145 933 4209 nulla
953 4165 989 4209 re
1012 4149 1084 4209 erat
1105 4143 1278 4226 fatigatus;
1301 4141 1349 4206 illi
1370 4141 1443 4205 lice-

206 4231 267 4298 bat
289 4231 444 4311 dormire,
480 4231 532 4295 hic
560 4231 679 4297 vetitus
703 4238 783 4296 erat.
828 4230 909 4297 Vide
932 4237 1055 4311 autem,
1090 4251 1129 4295 ne
1159 4236 1216 4295 aut
1237 4236 1336 4312 pastu
1356 4228 1445 4292 mula

207 4323 319 4383 careat
342 4324 399 4384 aut
423 4317 576 4400 avdugiat
599 4339 694 4400 quam
709 4317 792 4383 bene
806 4319 996 4401 pigerrimus
1012 4318 1066 4382 ille
1082 4316 1270 4400 prospiciat.
1304 4315 1442 4380 Missae

206 4412 362 4488 pastum
386 4404 625 4470 retinacula
647 4405 774 4469 mulae
796 4411 928 4469 nauta
950 4406 1064 4488 piger
1086 4425 1181 4469 saxo
1210 4402 1293 4490 (tam
1316 4399 1446 4488 cantet)

1593 316 1596 407 l

1594 410 1597 483 l
