3234 5054
685 311 736 361 eat.
756 313 776 373 I,
795 307 819 360 5:
1329 309 1371 376 29
1402 375 1405 386 ἱ

134 499 341 580 intellegitur.
388 495 523 588 ὕστερον
545 497 720 591 npdtepov:
755 499 952 582 chartaeque
974 499 1105 583 viaeque
1135 497 1294 584 quomodo
1317 520 1369 563 er·
1442 573 1445 582 ,

133 585 319 670 plicandum
335 584 386 666 sit,
405 585 436 650 11.
453 585 474 650 l.
490 586 627 651 maxime
644 591 693 650 est
708 586 741 649 in
755 592 925 670 promptu;
948 586 1092 669 proxime
1107 588 1239 664 enimin
1254 585 1370 651 charta

135 671 360 738 desudaverat.
406 672 469 740 Sed
490 673 562 738 vide
584 673 740 756 imprimis
771 694 868 756 quam
896 673 1025 738 fortiter
1048 695 1087 738 ex
1107 673 1372 758 philosophorum

134 760 213 824 locis
245 766 344 844 atque
375 781 414 825 ex
444 757 510 826 alto
542 760 624 825 caeli
651 766 737 825 teoto
764 759 971 826 Brundisium
1001 761 1214 852 transiliatur.
1260 760 1375 824 Nonne

134 849 265 930 poetam
280 845 387 912 fronte
409 848 502 930 quasi
523 847 675 930 explicita
691 848 800 912 stilum
815 853 848 912 et
862 847 1036 932 pugillares
1052 847 1255 914 abiicientem
1268 867 1369 932 prope

136 933 237 998 oeulis
260 933 369 998 videre
390 934 482 999 nobis
505 933 672 1000 videmur?

243 1020 304 1086 Sed
319 1021 455 1085 Romam
477 1020 572 1086 credo
595 1019 735 1087 reditmn
758 1027 806 1086 est
821 1020 1001 1086 Brundisio.
1036 1021 1128 1098 Quod
1148 1021 1299 1105 quoniam
1320 1020 1372 1086 vix
1446 1056 1449 1063 ·

137 1107 252 1172 eadem
277 1108 404 1173 omnino
427 1107 550 1180 factum
573 1113 622 1172 est
643 1109 705 1187 via,
729 1130 786 1173 cur
808 1108 898 1174 nulla
921 1109 988 1174 eius
1003 1110 1051 1177 rei
1071 1108 1110 1172 fit
1123 1109 1267 1173 mentio?
1299 1107 1372 1172 Non

138 1216 202 1278 quo
225 1193 379 1278 quidquid
401 1195 435 1258 in
456 1194 564 1260 reditu
585 1195 690 1260 evenit
712 1196 840 1279 copiose
855 1195 987 1261 deberet
1003 1196 1172 1261 enarrare!
1208 1195 1372 1260 Permulta

138 1287 271 1366 poterat
284 1281 473 1365 praeterire,
497 1302 621 1346 omnem
635 1283 747 1365 paucis
762 1282 907 1348 versibus
922 1282 1061 1348 reditum
1080 1283 1255 1348 absolvere.
1291 1281 1374 1358 Quid

137 1369 224 1453 quod
239 1369 424 1449 Tarentum,
447 1390 512 1433 non
526 1368 732 1434 Brundisium
754 1391 815 1453 quo
831 1391 909 1436 sane
925 1369 1167 1449 contenderant,
1190 1369 1261 1434 viae
1275 1369 1371 1434 fuisse

137 1455 232 1520 finem
256 1457 336 1522 satis
359 1462 447 1521 certo
471 1456 597 1536 seimus,
621 1477 685 1540 qua
707 1457 746 1520 de
768 1479 852 1522 101.
877 1456 1032 1540 imprimis
1048 1457 1213 1522 Kirohner.
1238 1456 1278 1521 de
1300 1455 1368 1520 itin.

138 1543 288 1608 Brundis.
312 1544 346 1608 in
370 1543 499 1620 Quaest.
523 1543 637 1608 Horat.
664 1545 756 1612 1834.
780 1565 809 1626 p.
834 1545 886 1610 59.
922 1542 1013 1622 Quod
1036 1565 1108 1609 eum
1129 1545 1177 1609 ita
1200 1543 1250 1624 sit,
1273 1543 1370 1626 paulo

136 1637 311 1714 postquam
345 1629 518 1695 adventum
541 1636 590 1694 est
611 1634 727 1713 poema
755 1631 788 1694 in
811 1629 929 1714 oppido
952 1631 1022 1714 ipso
1043 1631 1215 1696 Brundisio
1245 1651 1373 1714 compo-

136 1717 233 1782 situm
263 1738 332 1782 esse
361 1717 515 1800 suspicor.
560 1717 706 1801 Rogatus
739 1717 828 1783 haud
861 1717 956 1783 dubie
971 1731 1009 1782 'a
1037 1717 1224 1783 Maecenate
1259 1717 1370 1782 aliisue

136 1825 217 1888 quae
239 1803 334 1869 modo
350 1803 505 1870 vidissent
526 1805 737 1887 pertulissent
757 1805 906 1870 risissent
928 1806 1100 1870 memoriae
1116 1804 1271 1885 traderet,
1294 1825 1369 1889 pro·

134 1892 227 1956 ximis
249 1897 324 1975 post
346 1891 458 1956 diebus
481 1891 617 1957 satiram
639 1892 838 1975 conseripsit.
875 1891 966 1969 Quod
988 1897 1025 1956 ut
1048 1891 1177 1957 credam
1199 1892 1296 1974 plura
1318 1890 1334 1955 i
1354 1929 1367 1938 -

135 1980 232 2045 ciunt.
276 1979 437 2062 Longiore
460 1985 573 2045 exacto
596 1979 766 2044 intervallo
789 1979 950 2062 permulta
971 1979 1021 2043 101
1044 1979 1194 2044 excidunt
1215 1979 1371 2043 memoria

135 2065 185 2131 vel
207 2067 320 2148 quanti
338 2071 436 2134 antea
456 2065 490 2129 in
504 2066 716 2148 perpetiundo
739 2067 825 2131 tanti
847 2072 922 2150 post
943 2066 976 2130 in
995 2065 1195 2132 recordando
1218 2086 1283 2130 non
1305 2065 1370 2129 iam

134 2151 284 2218 videntur
313 2173 371 2226 neo
394 2151 493 2235 digna
515 2173 598 2236 quae
623 2152 726 2218 literis
749 2153 845 2218 immo
864 2153 1008 2218 versibus
1031 2153 1245 2234 includantur,
1270 2152 1370 2216 veluti

136 2246 322 2323 tempestas,
337 2241 408 2305 viae
422 2239 579 2305 imbribus
595 2237 777 2323 corrirptae,
793 2239 1007 2324 hospitiorum
1022 2239 1238 2320 mediocritas,
1263 2240 1371 2304 omnia

136 2327 272 2410 denique
293 2327 417 2394 itineris
439 2327 642 2392 incommoda
664 2334 762 2411 atque
781 2326 958 2408 molestiae,
982 2327 1096 2410 quibus
1112 2327 1192 2393 haec
1206 2325 1371 2392 redundat

137 2414 294 2480 narratio.
337 2415 385 2480 Ne
406 2419 517 2480 tamen
538 2414 599 2479 1100
622 2414 749 2480 omnino
772 2436 889 2479 novum
912 2435 932 2479 a
954 2435 1004 2479 me
1026 2415 1244 2498 excogitatum
1267 2420 1371 2497 putes,

139 2499 788 2583 0011010101111101110111000100111.
812 2523 843 2585 p.
867 2503 927 2568 60:
960 2501 1067 2582 ,Nihil
1091 2501 1234 2585 impedit,
1258 2501 1371 2584 inquit,

141 2585 309 2669 quominus
331 2587 453 2653 itineris
475 2587 662 2653 Brundisini
692 2587 938 2671 descriptionem
958 2589 998 2668 ,in
1020 2589 1129 2654 Satira
1151 2589 1263 2672 quinta
1286 2586 1373 2652 exhi-

141 2673 243 2738 bitam
258 2679 334 2756 post
348 2674 476 2740 Horatii
490 2675 629 2741 reditum
645 2681 770 2741 aestate
784 2675 870 2740 illius
886 2674 963 2740 anni
979 2678 1050 2740 111.
1068 2698 1096 2740 u.
1115 2697 1159 2756 o,
1183 2675 1198 2738 i
1205 2696 1224 2740 o
1234 2681 1299 2740 rta
1310 2695 1374 2738 sse

143 2761 275 2826 etiam
298 2781 385 2827 cum
408 2763 582 2828 Tarenti
604 2763 763 2828 otiosus
787 2763 972 2846 degeret,
996 2784 1065 2828 esse
1082 2763 1292 2845 compositam
1308 2767 1374 2826 sta-

141 2853 299 2915 tuamus.“
333 2849 372 2913 In
395 2870 458 2933 quo
479 2871 578 2914 unum
599 2850 679 2914 mihi
700 2849 827 2934 quidem
848 2870 913 2913 non
935 2854 984 2914 est
1006 2851 1218 2933 perspicuum,
1242 2870 1298 2913 our
1312 2847 1374 2912 Ta-

135 2942 265 3000 rentum
286 2935 391 3018 ipsum
426 2942 523 3019 atque
544 2937 607 3002 iter
637 2958 699 3020 quo
729 2959 749 3002 a
772 2936 942 3002 Brundisio
965 2936 1141 3001 Tarentum
1161 2941 1292 3002 ventum
1322 2939 1374 2999 est

140 3022 287 3106 quamvis
310 3021 405 3087 breve
435 3045 473 3089 ao
498 3029 610 3089 notum
640 3023 767 3089 omnino
796 3029 1022 3107 praetereatur
1044 3023 1179 3090 silentio.
1227 3023 1270 3087 At
1291 3021 1374 3086 enim

137 3111 238 3194 poeta
261 3108 340 3172 nihil
357 3109 445 3174 aliud
460 3110 560 3176 voluit
582 3110 644 3175 nisi
658 3111 782 3176 itineris
804 3133 906 3195 usque
922 3109 964 3175 ad
978 3110 1186 3177 Brundisium
1200 3108 1375 3194 perducere

139 3196 397 3279 descriptionem.
444 3195 550 3273 Quid?
582 3196 666 3264 unde
695 3198 756 3263 hoo
786 3197 846 3263 tibi
874 3199 1093 3281 compertum?
1137 3197 1198 3275 oui
1226 3196 1373 3279 scripsit:

136 3281 321 3348 Brundis.
338 3283 488 3366 longae
503 3283 601 3350 finis
618 3324 657 3334 ·-
673 3287 862 3368 viaeque,
879 3306 951 3350 eum
966 3306 1095 3351 necesse
1111 3291 1160 3350 est
1173 3285 1256 3349 hunc
1271 3284 1375 3349 locum

137 3368 223 3458 (Br.)
241 3391 301 3453 pro
319 3369 381 3436 fine
396 3371 556 3436 habuisse.
593 3371 714 3449 Quodsi
731 3394 806 3438 1010
825 3394 890 3437 101
901 3371 1107 3437 Brundisium
1127 3371 1184 3437 sed
1198 3372 1374 3436 Tarentum

139 3457 213 3522 finis
236 3457 415 3538 eretriae,
439 3465 476 3523 ut
497 3458 693 3524 Kirohnerus
715 3459 895 3524 luculenter
916 3458 1011 3524 (10001
1033 3458 1073 3524 de
1095 3459 1281 3524 Maecenate
1305 3457 1376 3544 (qui

137 3545 236 3628 paulo
259 3550 334 3627 post
357 3565 428 3609 cum
444 3545 578 3611 Octavia
594 3545 726 3618 Tarenti
747 3553 905 3626 versatur,
929 3567 979 3629 ap.
997 3546 1161 3611 Plutarch.
1184 3546 1218 3609 in
1233 3543 1372 3610 Antonio

137 3654 162 3696 c.
189 3630 257 3716 35.)
290 3637 323 3696 et
343 3631 559 3715 probabiliter
580 3631 619 3697 de
641 3632 837 3721 hortator),
872 3633 1016 3716 sequitur
1045 3638 1082 3697 ut
1107 3633 1233 3715 inipso
1257 3631 1374 3715 oppido

136 3717 310 3783 Brundisio
333 3723 431 3803 atque
453 3719 642 3803 priusquam
657 3721 821 3804 cognitum
836 3721 995 3785 haberent
1009 3719 1103 3786 amici
1125 3719 1220 3784 finem
1234 3717 1374 3783 nondum

136 3805 254 3870 adesse
276 3805 400 3871 itineris
423 3811 538 3891 poiima
561 3813 730 3872 exaratum
753 3829 821 3873 esse
843 3808 998 3872 videatur.

240 3892 309 3957 Iam
333 3893 362 3958 si
382 3899 488 3959 totum
510 3893 697 3976 respicimus
719 3897 850 3978 poema,
884 3893 960 3976 quid
991 3894 1193 3976 propositum
1222 3892 1374 3958 habuisse

134 3982 268 4062 potitam
292 3983 500 4047 censeamus?
544 3979 627 4053 Num
649 3980 749 4062 forte,
782 4002 864 4064 quae
886 3981 959 4046 loca
981 3980 1131 4061 adiisset,
1165 3987 1202 4045 ut
1225 3985 1375 4046 accurate

245 4241 271 4308 l)
291 4243 343 4294 Cur
366 4243 470 4294 tandem
494 4248 571 4310 poeta
595 4245 719 4295 fautorem
742 4261 793 4294 non
819 4261 899 4311 usque
923 4245 955 4296 ad
977 4245 1055 4295 finem
1078 4245 1292 4310 prosequeretur?
1336 4244 1377 4294 An

137 4313 286 4375 Maecenas,
305 4319 334 4362 ut
351 4313 488 4364 Horatium
505 4316 680 4378 praemiserat,
702 4316 738 4365 ita
755 4319 857 4381 poe'tam
874 4315 916 4365 vel
933 4319 1022 4382 politas
1039 4329 1118 4380 prope
1136 4329 1152 4362 a
1169 4313 1219 4363 fine
1238 4313 1377 4363 subsistere

136 4381 226 4445 iussit,
244 4397 278 4432 ne
296 4381 323 4432 in
341 4382 418 4433 rebus
436 4383 543 4432 Tarenti
561 4385 680 4449 gerendis
698 4389 831 4451 poetarum
850 4385 971 4434 sodalitas
989 4385 1038 4433 sibi
1056 4383 1164 4433 molesta
1183 4384 1268 4432 esset?
1304 4383 1378 4444 Quod

137 4452 159 4500 si
177 4452 215 4502 ita
239 4452 342 4514 fuisset,
371 4456 439 4502 certe
465 4457 494 4501 nt
518 4468 595 4518 supra
612 4455 684 4503 Varii
707 4455 744 4503 sic
762 4455 920 4505 Maecenatis
944 4453 1099 4504 discedentis
1122 4457 1198 4519 poeta
1220 4452 1377 4502 mentionem

135 4521 248 4571 fecisset.
