3234 5054
228 224 272 290 30
781 226 832 276 sn.
850 227 871 287 1,
890 223 913 276 5.

228 436 267 482 ea
289 435 328 480 ac
350 413 521 500 diligenter
547 414 755 499 depingeret?
800 414 930 481 Minime
959 415 993 480 id
1016 414 1151 499 quidem.
1200 415 1334 481 Praeter
1358 414 1473 480 Anxur

227 501 346 571 nullius
368 523 509 596 unquam
531 502 594 567 loci
625 501 706 568 situs
730 500 951 568 adumbratur.
998 503 1048 568 An
1077 502 1244 569 civitatum
1268 502 1471 584 singularum

229 589 270 656 de
290 589 434 656 moribus
456 589 676 673 institutisque
708 589 870 656 subtiliter
900 589 1092 656 dissereret?
1136 589 1185 656 Ne
1214 588 1247 656 id
1270 588 1397 675 quidem
1419 589 1471 654 in-

229 677 380 743 venimus.
426 677 477 742 An
498 675 718 743 Maecenatem
740 698 811 742 oum
834 677 945 744 amicis
976 677 1026 742 vel
1048 697 1081 742 se
1103 677 1172 761 ipse
1203 698 1275 742 oum
1296 698 1359 742 uno
1386 676 1472 742 alte-

229 785 307 830 rove
329 765 480 832 comitum
508 763 548 829 de
572 757 652 829 'arte
673 764 815 847 pottica,
850 763 890 830 de
912 764 1038 847 patria,
1073 763 1295 844 deamicitia,
1331 764 1370 829 de
1392 762 1468 829 aliis

227 850 422 936 quibuslibet
443 850 666 934 philosophiae
687 851 766 917 locis
785 851 948 936 ingeniose
962 850 1085 918 inducit
1099 851 1345 935 colloquentes?
1380 850 1473 916 Nihil

228 938 342 1004 minus.
389 936 471 1015 Quid
493 936 645 1004 tandem?
688 937 809 1022 Nempe
838 938 916 1022 quid
945 937 1116 1006 ridendum
1146 938 1260 1004 fuisset
1287 939 1321 1004 in
1343 937 1470 1017 itinere,

228 1024 305 1109 quid
328 1029 385 1090 aut
407 1024 539 1091 iuvisset
554 1025 678 1090 animos
692 1026 968 1111 peregrinantium
992 1031 1050 1092 aut
1064 1025 1289 1112 paenituisset,
1314 1024 1390 1109 quid
1414 1024 1471 1090 de-

225 1113 421 1180 lectaturam
441 1111 526 1178 foret
548 1111 721 1196 legentium
737 1134 841 1192 aures,
863 1114 948 1180 risus
970 1113 1071 1197 igitur
1091 1113 1299 1197 potissimum
1316 1112 1472 1196 iocosque

227 1199 422 1284 spectavisse
452 1202 582 1282 potitam
611 1205 757 1283 apparet.
817 1201 888 1278 Qua
917 1200 956 1266 de
983 1221 1083 1268 causa
1111 1199 1270 1284 imprimis
1301 1199 1470 1265 molestias

227 1291 394 1353 enumerat
416 1291 514 1370 atque
535 1286 747 1368 incommoda,
771 1288 888 1374 quippe
910 1288 1026 1372 quibus
1043 1286 1212 1354 audiendis
1236 1286 1379 1353 homines
1400 1307 1470 1352 non

228 1374 332 1439 minus
356 1373 558 1440 oblectentur
580 1395 677 1458 quam
698 1374 832 1440 moleste
853 1375 962 1440 ferunt
975 1374 1145 1459 patiunda,
1174 1374 1301 1440 omnino
1317 1374 1471 1456 ineptias,

226 1482 339 1545 nugas,
362 1483 414 1527 res
435 1461 590 1526 ridiculas
613 1467 767 1528 sectatur.
803 1461 899 1527 Cuius
915 1464 1040 1546 generis
1063 1462 1284 1546 largissimam
1299 1461 1472 1527 materiem

226 1553 341 1614 nactus
363 1554 413 1614 est
434 1549 511 1613 Fori
531 1537 758 1640 Appifflddisis
780 1549 825 1614 eis
848 1571 931 1632 quae
953 1548 1027 1615 inde
1057 1550 1143 1616 inter
1165 1547 1386 1632 navigandum
1418 1568 1471 1614 se-

226 1634 433 1723 quebantur),
456 1635 580 1701 invilla
596 1634 708 1701 Coccei
730 1636 801 1723 (ubi
821 1657 932 1720 pugna
954 1637 1135 1703 conseritur
1159 1637 1246 1702 inter
1262 1635 1470 1702 Sarmentum

228 1730 260 1788 et
282 1721 467 1810 Messium),
496 1722 530 1786 in
551 1721 629 1787 vilia
650 1722 821 1788 Trivicana
844 1722 913 1810 (ubi
934 1723 1003 1806 ipse
1024 1723 1139 1790 fraude
1161 1723 1292 1790 fallitur
1312 1721 1469 1807 puellae),

227 1808 362 1892 denique
384 1808 543 1893 Egnatiae
577 1809 647 1896 (ubi
673 1809 821 1876 fraudem
851 1831 915 1875 non
937 1811 1040 1876 solum
1066 1810 1151 1876 ridet
1182 1809 1239 1876 sed
1260 1831 1362 1894 prope
1383 1809 1469 1875 indi—

227 1902 346 1978 gnatur
372 1917 475 1981 neque
504 1917 542 1962 eo
557 1897 667 1962 ¹minus
699 1895 881 1964 dulcissime
905 1896 1017 1984 ridet).
1062 1897 1130 1964 Nec
1151 1919 1227 1963 vero
1251 1897 1366 1964 ceteris
1389 1896 1471 1962 locis

228 1983 363 2052 deerant
384 2005 466 2067 quae
488 1982 521 2048 in
536 1983 672 2051 eundem
686 2006 781 2050 usum
802 1990 938 2068 possent
953 1986 1097 2052 converti
1118 1992 1156 2051 ut
1177 1985 1342 2068 hospitum
1357 1983 1470 2050 sordes

228 2076 261 2136 et
283 2071 407 2136 similia.
453 2070 492 2136 Id
513 2071 612 2154 igitur
634 2072 736 2155 egisse
758 2070 900 2138 videmus
924 2076 1055 2156 poetam
1077 2078 1123 2152 ut,
1147 2093 1210 2156 quo
1232 2071 1305 2155 plus
1327 2072 1396 2155 ipse
1418 2070 1468 2136 la-

228 2157 316 2223 boris
339 2180 377 2223 ac
399 2178 499 2242 prope
521 2157 621 2224 taedii
650 2180 747 2243 quam
768 2159 945 2242 voluptatis
977 2180 1016 2224 ex
1037 2159 1152 2225 itinere
1182 2158 1396 2242 percepisset,
1430 2179 1469 2224 eo

228 2245 331 2330 magis
342 2243 592 2396 {nazandffel
612 2246 815 2397 potispimum
837 2245 964 2398 quidlerp
986 2245 1114 2398 ltabopes
1131 2245 1366 2410 paelestiasque
1390 2267 1464 2312 enu-

229 2352 383 2398 merano
416 2353 433 2398 e
478 2353 511 2397 se
539 2355 551 2395 1
575 2353 644 2397 sum
679 2353 696 2397 e
746 2353 866 2398 amicos
923 2353 988 2398 eac
1006 2354 1086 2399 are.
1158 2353 1233 2398 uam
1255 2353 1332 2398 uam
1367 2354 1403 2398 ae
1423 2353 1463 2396 uo

231 2420 337 2486 acrius
359 2418 487 2499 iudicet,
516 2354 637 2504 sipquis
661 2423 791 2503 politam
813 2419 894 2486 nihil
915 2420 978 2485 nisi
999 2419 1135 2486 ridenda
1158 2354 1302 2488 secudum
1324 2355 1466 2486 esseqex-

228 2506 428 2572 istimaverit.
475 2505 566 2582 Quod
588 2507 637 2572 ita
662 2528 726 2572 non
749 2529 818 2573 esse
840 2529 912 2573 cum
935 2507 1000 2573 aha
1021 2514 1092 2574 tum
1113 2529 1160 2572 vv.
1185 2507 1314 2575 39-44
1337 2506 1467 2593 (quibus

231 2592 407 2658 amicorum
428 2592 573 2660 traditur
596 2594 796 2681 complexus)
820 2595 900 2661 satis
923 2593 1047 2660 docent.
1082 2593 1145 2660 Sed
1166 2600 1276 2660 tamen
1298 2592 1341 2660 ad
1364 2593 1467 2660 delec-

228 2679 364 2746 tandum
379 2701 418 2746 aa
431 2680 569 2746 maxime
583 2685 715 2764 poetam
731 2680 875 2747 videmus
900 2681 1082 2766 amplexum
1097 2703 1176 2763 esse,
1199 2681 1232 2746 in
1248 2681 1363 2765 quibus
1382 2681 1470 2765 quod

230 2767 370 2834 derideri
391 2773 503 2850 posset
524 2766 826 2851 deprehenderetur.

333 2853 455 2920 Deinde
484 2853 569 2938 quod
598 2856 800 2939 propositum
816 2855 974 2922 habebat
1005 2858 1104 2938 poeta
1136 2854 1295 2939 quomodo
1327 2854 1471 2938 exegerit

229 2962 431 3025 quaeramus.
469 2941 646 3025 Regionum
660 2943 910 3010 amoenitatibus
936 2942 1190 3029 oppidorumque
1212 2942 1308 3008 rebus
1331 2940 1469 3025 publicis

229 3029 365 3114 privatis
386 3027 482 3094 laetis
498 3028 641 3095 adversis
664 3031 726 3096 etsi
748 3052 812 3095 non
828 3030 971 3096 omnium
993 3031 1131 3114 primum
1155 3050 1286 3113 operam
1301 3027 1467 3112 impendit,

229 3123 339 3182 tamen
360 3114 423 3181 looi
444 3137 509 3181 non
531 3115 661 3198 desunt,
693 3139 711 3183 e
733 3119 866 3203 quibus,
889 3118 1033 3202 quamvis
1056 3137 1152 3200 aegre
1172 3117 1240 3183 vita
1263 3121 1388 3182 careret
1408 3137 1463 3180 ur-

228 3203 331 3284 bana,
366 3224 463 3287 quam
485 3202 657 3268 iucundum
680 3211 789 3270 tamen
818 3205 884 3270 iam
906 3210 975 3269 tum
997 3204 1095 3270 fuerit
1116 3207 1232 3288 po'e'tae
1254 3203 1324 3268 ruri
1344 3203 1469 3268 versari

228 3292 339 3376 liquet.
384 3290 431 3356 Ac
460 3290 579 3357 diserte
609 3291 736 3375 quidem
765 3291 859 3356 unius
889 3292 999 3374 oppidi
1029 3291 1125 3358 situm
1154 3289 1335 3356 admiratur
1360 3313 1389 3354 v.
1413 3292 1466 3356 26.

229 3379 342 3463 impos.
375 3377 462 3443 saxis
484 3378 552 3443 late
574 3377 666 3443 oand.
691 3379 811 3444 Anxur.
857 3377 920 3443 Sed
943 3399 981 3443 ex
1004 3377 1117 3444 eodem
1138 3399 1254 3461 genere
1277 3383 1327 3443 est
1348 3378 1466 3444 9-10.

229 3465 310 3531 caeli
331 3464 481 3532 nocturni
502 3465 740 3549 contemplatio,
764 3487 829 3548 qua
842 3465 1009 3548 voluptate
1030 3472 1067 3531 ut
1082 3465 1243 3531 frueretur
1266 3485 1463 3548 quamquam

229 3573 357 3619 necesse
378 3573 444 3617 non
465 3559 537 3618 erat
558 3552 677 3617 Forum
691 3553 777 3637 Appi
798 3574 832 3618 se
854 3551 1009 3633 conferre,
1032 3559 1142 3618 tamen
1164 3573 1258 3635 quem
1280 3573 1332 3616 res
1357 3551 1465 3634 quoti-

230 3639 344 3706 dianas
359 3638 650 3722 usitatissimasque
672 3640 719 3706 ita
742 3640 831 3707 iuvat
847 3640 1021 3722 adspicere,
1045 3640 1074 3705 ei
1088 3639 1231 3705 locorum
1247 3639 1462 3724 amoenitates

230 3725 320 3792 cordi
341 3747 406 3791 non
427 3747 496 3791 esse
516 3725 715 3791 nullomodo
737 3727 842 3792 credo.
875 3726 998 3792 Deinde
1020 3727 1173 3810 gaudium
1194 3731 1319 3793 montes
1334 3725 1463 3811 patrios

230 3812 388 3879 revisendi
410 3811 477 3900 (77.
504 3813 568 3896 78.)
592 3833 689 3895 quam
710 3813 815 3880 laetus
837 3818 870 3880 et
891 3815 985 3899 quasi
1006 3813 1187 3898 tripudians
1218 3812 1466 3901 (ostentare

230 3899 349 3987 mibi)
373 3899 566 3984 expresserit
588 3920 687 3984 supra
708 3900 852 3966 vidimus.
897 3901 1041 3986 Denique
1063 3921 1139 3967 cave
1160 3922 1201 3966 ne
1223 3899 1310 3984 quod
1331 3899 1464 3984 plurimi

230 3992 280 4053 est
301 3987 454 4052 momenti
475 3991 671 4070 praetereas.
725 3987 814 4066 Quae
835 3988 918 4053 enim
941 3989 1012 4054 loca
1035 3987 1155 4077 (colles,
1179 4009 1321 4067 nemora,
1344 3987 1461 4066 fontes,

231 4073 362 4159 similia)
384 4073 521 4139 maxime
536 4073 696 4140 veteribus
711 4074 817 4141 ridere
832 4074 1032 4155 videbantur,
1055 4096 1095 4140 ea
1109 4097 1182 4141 curn
1197 4073 1257 4139 diis
1272 4075 1321 4138 vel
1338 4073 1460 4138 deabus

163 4236 165 4243 ¹
231 4167 465 4241 consecrarent,
487 4181 551 4226 non
565 4161 668 4226 solnm
690 4184 754 4247 qua
774 4183 832 4228 nos
848 4163 985 4228 solemus
1001 4161 1214 4228 admiratione
1238 4159 1294 4226 sed
1309 4160 1364 4242 pia
1385 4180 1461 4243 pro-

230 4248 447 4332 sequebantur
468 4249 658 4329 reverentia,
681 4249 772 4315 donis
794 4250 1006 4334 precibusque
1028 4249 1185 4315 colebant.
1219 4247 1315 4312 Cuius
1338 4245 1385 4311 rei
1406 4267 1459 4312 ve·

231 4336 361 4419 stigium
376 4342 426 4402 est
448 4335 480 4399 in
502 4336 564 4401 bac
579 4337 683 4402 satira
698 4359 724 4401 v.
742 4339 792 4403 24.
818 4359 889 4402 ora
911 4357 1133 4419 manusque
1155 4343 1228 4400 tua
1249 4334 1344 4412 lau,
1362 4335 1463 4414 Fen,

230 4423 411 4512 lympha3
435 4423 638 4490 econtrario
662 4425 714 4491 97.
737 4427 788 4491 98.
813 4424 953 4508 Egnatia
974 4424 1121 4508 nymphis
1144 4422 1246 4488 invisa
1270 4419 1396 4486 dicitur.
