3234 5054
234 243 277 308 20
724 245 775 294 Sat.
795 246 815 306 1,
833 240 858 307 5,
877 239 987 294 61-65,

235 423 369 499 horrida
392 430 557 516 adspectu,
580 438 649 496 tum
671 433 732 497 hac
755 433 833 497 nihil
856 455 933 498 sane
949 433 1075 498 videtur
1097 433 1233 497 taetrius
1255 430 1391 514 cogitari
1414 452 1472 513 po-

235 521 343 585 tuisse.
382 519 457 582 Mox
473 524 613 584 setosa
628 525 763 584 vocatur
779 520 894 584 frons
909 519 996 584 haud
1013 520 1108 584 dubie
1123 541 1181 602 per
1197 519 1474 601 anticipationem,

236 606 353 691 quippe
375 627 447 670 cum
470 605 643 672 cicatribus
666 612 754 672 setae
776 607 964 690 plerumque
987 609 1079 691 quasi
1101 605 1298 691 praesidium
1322 604 1475 670 accedere

237 695 371 759 soleant.
417 693 574 757 Nimirum
596 697 693 776 poeta
714 695 892 759 venustatis
924 701 1012 759 amat
1014 716 1050 759 or
999 693 1167 758 tfoedo
1190 694 1238 757 ita
1260 693 1476 775 perturbatur

236 781 400 864 adspectu,
423 780 559 866 utquid
582 780 666 845 undo
689 780 870 864 profectum
893 782 935 846 sit
958 787 1110 846 accurate
1132 802 1196 845 non
1213 781 1278 844 iam
1295 779 1478 844 discernere

235 889 329 952 posse
350 865 507 934 rideatur.
541 867 847 932 Animadvertte
737 875 847 932 ttau
848 889 897 932 em
919 870 1030 933 laevi
1053 868 1118 932 oris
1141 867 1281 933 frontem
1304 873 1477 950 turpatam

236 977 305 1021 esse
329 953 399 1018 dici
443 953 511 1018 Nos
542 953 669 1038 quidem
700 977 799 1019 unam
827 956 877 1020 ιιι
908 957 955 1020 ιιι
941 963 1013 1020 etru
1015 961 1101 1020 tram
1123 961 1199 1038 part
1201 975 1251 1018 em
1278 953 1476 1032 diceremus;

236 1042 386 1106 nimirum
409 1041 502 1106 abt
465 1048 502 1106 ιιι
503 1063 541 1106 ra
558 1042 673 1124 aliquis
689 1048 785 1124 parte
800 1043 945 1108 vulneret
931 1048 993 1122 tur,
1018 1042 1062 1106 nil
1085 1043 1177 1107 nobis
1193 1041 1280 1106 videt
1266 1047 1319 1105 tur
1341 1005 1476 1105 referre,

237 1131 274 1193 ln
289 1129 337 1192 his
352 1126 424 1193 vide
446 1149 543 1211 quam
566 1150 656 1194 secus
680 1130 822 1194 sentiant
837 1135 970 1209 veterae,
994 1130 1140 1212 equibus
1164 1128 1240 1212 quid
1257 1130 1299 1193 sit
1321 1128 1475 1193 distincte

236 1216 323 1299 loqui
345 1215 457 1279 discos.

339 1303 432 1386 Piget
455 1308 511 1368 aut
513 1323 562 1366 em
585 1306 714 1384 poetam
736 1303 851 1385 quibus
874 1303 1023 1368 Sarment
1010 1309 1061 1368 tus
1085 1302 1307 1368 adversarium
1329 1301 1476 1366 obruerit

237 1389 385 1454 conviciis
418 1391 524 1454 omnia
554 1410 751 1454 enumerare.
797 1389 886 1454 Not
873 1396 981 1454 tamen
1008 1390 1123 1472 quibus
1155 1391 1326 1456 Horatium
1357 1386 1478 1454 eisdem

238 1483 423 1547 contentum
446 1476 544 1541 fuisse
569 1476 773 1541 Sarmentum
795 1477 981 1556 credamne,
1012 1477 1104 1542 addit
1090 1482 1199 1542 teum
1222 1477 1476 1558 Campanum

237 1566 277 1628 ιιι
310 1563 554 1643 morbum,
545 1584 586 1627 in
620 1563 773 1628 faciem
806 1565 988 1647 permult
999 1566 1226 1630 aiooatum
1248 1585 1326 1628 esse.
1373 1564 1478 1645 Atque

238 1652 369 1716 morbus
386 1649 568 1732 Campanus
590 1651 644 1732 qui
666 1649 764 1714 fuerit
786 1650 928 1715 nondum
952 1652 1032 1716 satis
1056 1657 1105 1715 ιιι
1128 1653 1340 1734 exploratum,
1366 1671 1477 1732 quam-

238 1760 335 1822 quam
355 1759 432 1801 vero
447 1738 628 1820 proximum
643 1737 835 1816 cicatricem,
859 1737 898 1801 de
914 1759 979 1820 qua
998 1760 1096 1822 supra
1112 1738 1201 1817 dixit,
1220 1736 1359 1803 eiusdem
1373 1736 1478 1800 morbi

239 1845 307 1890 esse
340 1830 465 1888 testem.
511 1823 594 1888 Illud
629 1831 753 1889 autem:
791 1826 857 1904 ,in
879 1824 1067 1902 faoiem“,
1102 1826 1253 1908 quoniam
1287 1845 1315 1887 v.
1348 1825 1475 1890 eo-or

239 1916 367 1977 statura
399 1912 561 1994 castigata
588 1918 654 1992 est,
689 1913 817 1978 58-59
848 1911 964 1976 frontis
996 1911 1145 1976 mendum
1175 1913 1377 1989 absolutum,
1412 1909 1477 1974 oris

240 2004 365 2082 spectat
387 1999 532 2082 speciem,
555 1999 670 2081 inqua
691 2005 822 2082 praeter
845 1998 1000 2081 grandem
1015 1999 1105 2063 illam
1128 1999 1310 2064 cicatricem
1336 2003 1392 2062 aut
1407 2019 1476 2060 ιιι·

238 2107 333 2150 rucas
357 2093 414 2150 aut
435 2085 604 2150 tubercula
627 2092 685 2148 aut
707 2085 846 2150 colorem
867 2086 972 2150 morbi
993 2085 1092 2150 fuisse
1117 2108 1177 2168 pro
1200 2085 1384 2151 testimonio
1408 2105 1477 2148 cre—

241 2172 338 2237 dibile
360 2179 418 2239 est.
453 2171 540 2248 Quae
564 2172 706 2236 convicia
728 2177 837 2236 utrum
852 2179 985 2256 propter
1000 2173 1143 2237 iocorum
1159 2173 1412 2238 obscoenitatem
1436 2193 1478 2236 an

239 2282 279 2324 ue
293 2260 408 2342 longus
432 2260 475 2324 sit
490 2259 593 2333 obiter
608 2264 865 2341 praetereantur,
888 2280 948 2342 pro
964 2260 1087 2324 incerto
1103 2259 1330 2342 relinquamus.
1371 2259 1474 2322 Unum

239 2368 362 2425 moneo,
387 2368 426 2410 ne
449 2345 661 2425 Sarmentum,
686 2347 741 2429 qui
763 2347 807 2410 nil
831 2347 893 2410 nisi
915 2345 1052 2428 figuram
1067 2347 1212 2429 corporis
1235 2353 1268 2411 et
1290 2345 1404 2410 faciem
1422 2344 1474 2409 ad·

240 2434 374 2498 versarii
397 2431 587 2513 ludificetur,
610 2433 737 2515 inopem
759 2432 858 2498 fuisse
880 2433 1143 2516 credas‘ingenii.
1180 2435 1223 2499 At
1246 2433 1329 2498 sicut
1352 2434 1385 2496 ιιι
1401 2431 1476 2496 sori-

240 2520 344 2585 bendo
368 2541 432 2584 non
454 2526 609 2603 quantum
632 2519 689 2584 sed
711 2519 788 2603 quid
803 2525 835 2585 ιι
851 2519 1009 2603 quomodo
1034 2522 1157 2586 scribas
1174 2522 1320 2599 interest,
1344 2520 1392 2584 ita
1414 2541 1477 2584 non

239 2608 343 2690 magis
366 2613 414 2671 est
436 2607 592 2689 ingeniosi
614 2606 654 2671 de
675 2607 785 2671 multis
807 2608 913 2672 iocose
934 2607 1031 2673 rebus
1057 2607 1215 2672 disserere
1238 2629 1335 2690 quarn
1358 2607 1391 2669 in
1413 2627 1478 2670 una

241 2695 290 2759 ita
312 2693 435 2758 versari
456 2700 493 2757 ιιι
516 2700 548 2758 ιι
562 2693 698 2758 ridenda
713 2693 814 2759 videri
829 2693 941 2759 eadem
965 2700 997 2758 et
1014 2693 1113 2759 rideri
1135 2716 1200 2759 non
1216 2693 1351 2758 desinat.
1388 2692 1480 2769 Quod

242 2803 339 2863 quarn
361 2780 440 2844 scite
463 2779 602 2846 effecerit
625 2781 830 2861 Sarmentus,
864 2782 991 2864 rogatio
1022 2803 1086 2865 qua
1107 2780 1203 2846 finem
1224 2780 1303 2845 facit
1326 2779 1479 2863 carpendi

242 2868 344 2932 docet.
391 2868 610 2932 Pastorem
643 2869 830 2933 saltaret
859 2907 919 2948 —,
956 2868 1076 2934 scilicet
1106 2869 1202 2932 mimo
1229 2869 1411 2932 imitaretur
1434 2867 1477 2949 gi-

242 2960 380 3038 gantem.
425 2953 513 3019 Idem
535 2955 649 3019 mimus
673 2955 895 3021 celeberrimus
925 2962 958 3020 ιι
986 2955 1073 3038 plebi
1094 2954 1182 3020 haud
1206 2954 1301 3021 dubie
1332 2953 1477 3037 gratissi-

241 3063 311 3106 mus
334 3047 602 3108 commemoratur
624 3042 717 3124 epist.
741 3042 781 3122 Π,
805 3045 834 3122 2,
860 3043 931 3108 125.
976 3043 1114 3125 Rogatio
1138 3048 1246 3107 autem
1268 3063 1332 3126 qua
1353 3040 1477 3123 petitur

245 3135 282 3192 ιιι
305 3128 444 3212 Cyclopa
466 3129 601 3194 Messius
625 3129 779 3208 saltaret,
803 3150 865 3212 quo
888 3129 1148 3194 honorificentior
1170 3128 1306 3208 ridetur,
1336 3147 1371 3191 ec
1393 3124 1478 3190 face-

241 3216 306 3280 tior
328 3221 385 3280 est.
421 3215 517 3295 ldem,
541 3217 595 3298 qui
611 3237 710 3298 supra
734 3216 910 3298 asperrime
932 3217 964 3279 in
980 3215 1131 3280 Messium
1153 3216 1296 3280 invectus
1313 3220 1370 3294 est,
1394 3233 1479 3278 nunc

240 3309 336 3385 rogat
351 3301 494 3383 eundem,
518 3310 555 3367 ut
569 3304 663 3386 quasi
678 3309 807 3385 gratum
822 3302 884 3367 sibi
898 3303 1008 3382 faciat,
1032 3303 1127 3368 immo
1143 3324 1244 3386 prope
1259 3301 1387 3366 laudem
1407 3301 1477 3384 pol-

241 3390 365 3454 licetur.
419 3389 486 3452 Nil
509 3389 577 3453 illi
608 3390 727 3455 larva
752 3427 791 3436 -
815 3389 1054 3468 cothurnis3
1089 3396 1158 3456 tam
1180 3411 1249 3454 esse
1272 3389 1421 3454 idoneum
1445 3394 1479 3452 et

243 3477 292 3540 his
315 3476 408 3559 quasi
429 3482 543 3541 uatum
564 3476 716 3559 partibus
740 3475 901 3541 Messium.
937 3475 1065 3542 Scilicet
1084 3477 1266 3556 histriones,
1291 3497 1353 3558 quo
1376 3476 1482 3558 magis

243 3563 340 3627 divini
363 3562 430 3650 (dei
448 3564 498 3628 ιιι
521 3563 654 3628 deorum
667 3563 739 3651 filii)
764 3586 832 3628 esse
854 3563 1033 3643 videantur,
1057 3565 1156 3629 larvis
1172 3563 1348 3628 induuntur
1371 3567 1403 3626 et
1427 3583 1480 3626 co-

242 3650 376 3715 thurnis.
413 3649 480 3726 Quo
503 3650 618 3715 habitu
640 3649 733 3716 facile
748 3651 883 3716 Messius
904 3651 1112 3734 supersedere
1128 3650 1253 3728 dicitur,
1277 3650 1366 3715 cuius
1389 3649 1479 3714 nullo

243 3743 407 3820 apparatu
429 3738 573 3802 membra
594 3738 644 3804 ιιι
659 3737 711 3802 (ιιι
731 3737 781 3802 ιιι
796 3739 935 3821 gigantis
958 3739 1008 3802 vel
1021 3739 1148 3802 belluae
1170 3736 1315 3801 referant
1330 3737 1478 3818 speciem.

244 3825 314 3902 Qua
339 3821 525 3889 adulatione
547 3846 609 3906 quo
632 3824 782 3890 blandius
812 3824 915 3890 hostis
937 3825 1062 3890 videtur
1085 3825 1234 3903 mulceri,
1276 3844 1312 3887 eo
1335 3823 1481 3906 prolecto

245 3911 391 3976 acerbius
414 3911 610 3976 vulneratur.
645 3912 832 3976 Sarmentus
854 3912 954 3994 igitur
976 3912 1023 3976 ita
1045 3913 1151 3994 carpit
1171 3910 1333 3988 Messium,
1356 3915 1394 3974 ut
1416 3911 1482 3992 pri-

242 4021 328 4062 mum
352 4019 392 4062 ne
413 3998 549 4062 hominis
573 3998 699 4080 quidem
720 3999 790 4063 loco
814 4019 886 4062 euni
908 3999 1037 4077 habeat,
1063 3998 1176 4063 deinde
1198 4019 1298 4064 cornu
1320 3997 1353 4060 in
1372 3996 1482 4062 fronte

243 4086 310 4150 eius
334 4085 473 4150 eminens
496 4083 685 4165 ludificetur,
710 4086 845 4169 denique
860 4087 947 4150 velut
970 4087 1133 4150 convictus
1148 4086 1282 4150 virtutes
1300 4082 1482 4148 adversarii

242 4173 311 4254 ipse
348 4170 482 4236 laudare
520 4177 617 4254 atque
653 4173 798 4255 praemia
835 4173 1030 4255 plaususque
1068 4173 1281 4256 spectantium
1323 4169 1483 4252 spondere

242 4257 399 4324 videatur.

346 4345 482 4410 Multa
513 4345 692 4410 Cicirrus
723 4346 771 4409 ad
801 4347 910 4411 haec.
956 4344 1005 4408 Ad
1027 4346 1188 4430 permulta
1210 4344 1266 4408 illa
1299 4365 1380 4426 quae
1405 4342 1481 4408 Sar-

244 4437 370 4498 mentus
393 4431 540 4497 ediderat
562 4433 706 4497 convicia
722 4433 857 4499 Messius
880 4453 945 4497 nou
966 4433 1014 4498 ita
1035 4438 1141 4498 mente
1163 4437 1213 4497 est
1236 4431 1420 4510 destitutus,
1444 4438 1482 4494 ut
