3234 5054
626 303 677 353 Sat.
697 301 717 366 1,
735 299 760 366 5,
780 298 890 352 88-93,
1331 297 1373 365 25

135 492 239 576 Signa
262 496 379 572 autem,
403 491 519 574 quibus
541 489 635 556 facile
658 489 685 554 si
700 489 770 573 quis
793 488 905 554 eodem
920 489 1087 554 incesserit
1101 489 1216 554 itinere
1239 489 1373 573 oppidu-

136 580 207 644 lum
231 583 397 662 agnoscat
421 577 502 643 haec
518 583 602 643 sunt.
637 576 752 643 Venit
774 575 982 642 vilissima
1004 597 1140 642 rerum
1161 576 1226 642 hic
1249 597 1373 659 aqua,

135 665 210 731 sed
232 665 358 748 panis
380 665 508 748 longe
528 663 845 750 pulcherrimus.
883 663 944 728 Hic
966 684 1092 747 quoque
1113 668 1151 728 ut
1173 663 1300 747 saepius
1322 684 1373 728 res

134 753 309 818 vilissimas
326 751 413 818 velut
436 773 553 836 aquam
567 772 685 835 panem
700 751 813 834 quanti
829 749 927 816 ducat
948 753 1046 832 polita
1066 749 1219 816 videmus.
1258 750 1373 816 Venire
1410 806 1412 812 .

136 847 248 905 autem
269 839 314 904 ibi
339 860 425 922 aqua
446 838 599 919 traditur,
621 859 686 903 non
708 837 795 922 quod
816 839 925 922 magni
938 841 1055 920 poetae
1077 842 1234 922 quantum
1257 857 1372 921 expen-

137 927 198 998 dat
220 926 538 1010 pecuniaeintersit,
569 925 624 990 sed
647 925 723 1010 quia
745 925 852 990 venire
875 945 993 1008 aquam
1014 925 1124 1008 utique
1146 925 1271 990 mirum.
1319 923 1376 988 Ce-

138 1022 247 1080 terum
270 1034 344 1078 mox
365 1012 508 1081 videmus
530 1016 661 1098 poetam
682 1012 729 1078 rei
752 1012 947 1078 domesticae
970 1011 1051 1078 alias
1073 1011 1292 1096 neglegentem
1314 1011 1375 1076 hoe

139 1102 253 1166 itinere
276 1121 348 1166 eam
369 1101 512 1166 nancisci
534 1121 643 1166 rerum
664 1100 824 1182 peritiam,
847 1106 884 1166 ut
905 1121 945 1164 ne
964 1098 1156 1164 domesticas
1173 1097 1301 1182 quidem
1322 1118 1374 1163 res

139 1209 223 1272 quae
240 1187 368 1272 quidem
391 1188 433 1253 ad
448 1189 567 1253 vietum
581 1187 745 1270 pertinent
766 1186 862 1269 plane
886 1185 1049 1270 despicere
1070 1185 1219 1252 videatur
1242 1184 1376 1274 (ultra

138 1274 328 1340 callidus
365 1282 409 1341 ut
446 1275 588 1341 soleat
624 1274 779 1340 umeris
818 1281 997 1359 portare
1035 1273 1197 1355 tiator,
1246 1272 1375 1352 umeris,

137 1362 195 1446 qui
223 1367 413 1446 premuntur
443 1383 538 1428 onere
569 1381 627 1426 nee
650 1367 759 1426 tamen
790 1382 870 1426 onus
900 1359 1076 1446 recusant).
1121 1361 1242 1426 Panem
1268 1363 1376 1426 autem

142 1448 265 1514 ibidem
286 1449 456 1532 pulchrum
478 1469 564 1529 esse,
597 1448 653 1514 ubi
683 1448 793 1532 inopia
815 1455 864 1514 est
893 1468 1015 1533 aquae,
1048 1447 1164 1516 mirum
1186 1453 1287 1530 certe,
1321 1445 1378 1511 sed

137 1543 234 1603 tanto
256 1537 350 1619 panis
371 1536 473 1620 pluris
496 1535 633 1602 ducitur.

245 1623 343 1688 Nam
367 1623 521 1688 Canusi
541 1621 771 1706 lapidosus.
817 1621 1047 1688 Doederlinus:
1074 1621 1157 1705 „roll
1174 1621 1375 1688 Steinohen“.
1401 1630 1403 1636 ’

140 1709 356 1776 Fritzschius:
381 1711 435 1794 „in
449 1711 548 1794 Fulge
567 1710 625 1775 der
640 1709 824 1776 schluchten
838 1709 1030 1775 Mahlsteine
1051 1708 1199 1776 knirscht
1214 1708 1273 1774 das
1288 1707 1377 1774 Brod

142 1797 298 1863 zwischen
320 1797 382 1863 den
405 1797 535 1863 Zahnen
558 1798 616 1862 wie
636 1797 720 1862 noch
738 1798 821 1880 jetzt
840 1796 875 1885 in
894 1797 986 1880 jener
1009 1795 1171 1882 Gegend‘t
1205 1795 1285 1860 Mihi
1308 1796 1376 1879 qui-

139 1885 213 1950 dem
235 1885 422 1967 simpliciter
445 1884 580 1950 durities
594 1883 722 1950 videtur
738 1882 921 1966 significari,
950 1905 1033 1967 quae
1055 1889 1165 1949 utrum
1188 1904 1205 1948 e
1225 1882 1378 1950 frumenti

137 1973 217 2038 vitio
246 1979 355 2038 manet
385 1993 428 2038 an
448 1971 594 2055 lapidum
622 1971 792 2036 molarium
820 1991 884 2036 non
911 1971 1022 2053 liquet.
1068 1970 1157 2048 Quae
1179 1977 1374 2054 sequuntur:

141 2079 276 2144 aquae
305 2079 384 2124 non
406 2059 540 2124 ditior
562 2081 664 2123 urna
693 2079 801 2123 omues
824 2056 890 2122 fere
912 2058 1104 2141 interpretes
1131 2059 1179 2123 ita
1202 2057 1375 2140 explicant,

143 2151 182 2209 ut
203 2146 371 2210 relativum
395 2147 461 2230 qui
481 2146 698 2230 postpositum
713 2166 782 2211 esse
804 2150 961 2212 statuant.
996 2145 1169 2228 Exponunt
1183 2144 1299 2228 igitur:
1323 2145 1378 2228 qui

142 2233 232 2298 locus
255 2254 418 2317 aquaeue
441 2254 524 2298 urna
546 2231 673 2317 quidem
696 2232 794 2298 ditior
816 2238 909 2312 cett,
933 2253 1030 2315 quam
1052 2253 1161 2298 veram
1184 2252 1252 2298 esse
1274 2231 1376 2296 ratio-

141 2341 215 2384 nem
235 2320 314 2385 mihi
335 2341 400 2384 non
421 2341 552 2403 possum
574 2319 778 2403 persuadere.
812 2319 971 2403 Longiore
994 2319 1077 2386 enim
1099 2319 1269 2385 intervallo
1293 2319 1377 2385 rela-

139 2407 243 2472 tivum
264 2407 471 2489 postponitur
493 2428 589 2492 quam
612 2429 637 2472 c.
661 2407 713 2487 IV,
739 2409 769 2488 2,
797 2407 827 2472 5.
851 2429 877 2471 o.
902 2429 925 2471 s.
950 2409 979 2474 9.
1004 2413 1053 2487 et,
1077 2406 1163 2490 quod
1185 2405 1287 2490 pluris
1311 2404 1376 2470 for-

142 2501 249 2573 tasse,
272 2493 392 2558 eisdem
411 2495 490 2560 locis
521 2494 759 2560 substantivum
779 2494 961 2576 praecedit,
997 2493 1040 2558 ad
1062 2493 1148 2578 quod
1178 2513 1305 2559 necesse
1330 2498 1379 2558 est

145 2579 313 2644 relativum
334 2580 455 2647 referri.
502 2581 625 2648 Contra
646 2581 674 2646 si
695 2601 778 2646 urna
799 2581 916 2646 nomin.
941 2587 1000 2662 est,
1025 2579 1139 2646 adiect.
1164 2580 1261 2646 ditior
1283 2600 1377 2664 gene-

144 2668 210 2732 tivo
233 2688 295 2732 non
318 2674 416 2749 caret,
439 2666 675 2734 utHeindorfio
690 2667 871 2748 videbatur,
896 2667 952 2732 sed
976 2689 1108 2751 aquae
1131 2689 1202 2734 cum
1226 2666 1288 2733 adi.
1314 2666 1377 2730 di·

143 2754 227 2820 tior
249 2755 459 2838 iungendum,
482 2761 597 2840 postea
619 2754 662 2820 ad
684 2777 800 2820 urnam
823 2754 1033 2838 supplendum
1057 2755 1113 2842 (an
1135 2754 1266 2820 Wasser
1288 2753 1378 2819 nicht

141 2841 266 2906 reicher
287 2843 331 2907 ist
354 2843 411 2908 der
434 2843 547 2930 Krug).
588 2842 673 2907 Num
694 2864 769 2908 vero
792 2863 908 2906 urnam
929 2843 1006 2924 poni
1027 2863 1086 2924 pro
1110 2842 1203 2925 copia
1225 2841 1378 2906 miraris?

141 2930 187 2994 At
208 2927 318 2994 confer
341 2951 524 2994 crumenam
552 2951 612 3013 pro
634 2931 771 3013 pecunia
801 2930 892 3010 epist.
915 2927 947 3008 Ι,
970 2932 1005 3008 4,
1032 2932 1080 2994 11.
1112 2929 1217 2994 quen.
1243 2931 1301 3008 11,
1324 2930 1375 2994 38.

141 3015 297 3080 Similiter
318 3036 377 3080 nos
399 3016 673 3082 denominationes
695 3015 854 3100 quasdam
875 3015 962 3081 velut
982 3016 1086 3080 Kasse
1116 3014 1189 3102 (pro
1212 3014 1376 3101 nummis),

140 3102 253 3170 Keller
280 3100 353 3189 (pro
375 3103 480 3190 vino),
514 3103 685 3169 Brodlrorh
713 3103 786 3191 (pro
809 3103 960 3188 penore),
994 3102 1086 3185 Krug
1115 3109 1188 3186 (pro
1211 3103 1374 3187 caupona)

140 3210 345 3272 usurpamus.
392 3189 465 3256 Alia
486 3198 519 3256 et
534 3191 650 3256 similia
671 3212 737 3255 non
751 3189 878 3256 difficile
892 3191 955 3256 erit
969 3190 1127 3272 colligere.
1163 3189 1237 3267 Qui
1258 3190 1377 3254 locus

143 3298 164 3340 a
194 3275 300 3342 forti
329 3275 456 3342 Diom.
488 3285 550 3343 est
579 3277 772 3343 conditus
803 3277 911 3345 olim.
963 3276 1066 3354 Quam
1087 3277 1167 3341 nihil
1188 3276 1313 3341 fructus
1340 3298 1378 3340 ex

141 3362 250 3428 famae
271 3362 509 3446 magnificentia
532 3371 564 3430 et
586 3365 775 3431 celebritate
796 3365 932 3429 nominis
961 3362 1194 3448 proficiscatur,
1230 3363 1281 3428 vel
1302 3361 1379 3428 inde

142 3455 282 3533 apparet
303 3451 388 3532 quod
412 3451 532 3535 oppida
548 3454 761 3532 inveniuntur,
784 3472 867 3535 quae
889 3473 961 3516 oum
983 3451 1059 3515 viris
1083 3451 1289 3534 antiquitatis
1314 3451 1377 3514 ori-

144 3537 249 3619 ginem
272 3535 411 3603 debeant
437 3539 641 3604 nobilissimis
665 3539 708 3604 ad
730 3539 949 3621 turpissimam
972 3537 1168 3604 delabantur
1190 3543 1377 3621 egestatem.

142 3623 232 3688 Alios
255 3625 351 3691 aliter
373 3626 434 3691 hoe
455 3626 494 3691 de
516 3648 543 3691 v.
561 3627 680 3692 sentire
703 3625 775 3713 (sed
788 3623 966 3705 Heindorf.,
990 3625 1143 3709 Krueger.
1167 3626 1247 3691 satis
1270 3623 1374 3711 recte)

142 3710 239 3776 docet
259 3711 465 3778 Fritzschiua

230 3797 439 3864 Flentibus
461 3799 524 3864 hic
546 3799 685 3865 Varius
709 3798 887 3865 discedit
915 3804 1088 3864 maestus
1112 3799 1258 3866 amicis.
1304 3796 1377 3862 Non

140 3885 246 3966 magis
269 3906 366 3969 quam
387 3908 414 3951 v.
439 3889 489 3954 27.
513 3887 565 3953 31.
589 3888 640 3952 40.
668 3886 753 3951 unde
781 3885 967 3952 advenerint
996 3887 1127 3951 comites
1150 3886 1202 3951 hio
1224 3905 1286 3968 quo
1310 3884 1375 3950 dis-

139 3972 275 4038 cesserit
296 3971 413 4038 Varius
440 3977 538 4057 po‘e'ta
565 3973 677 4039 tradit.
722 3973 881 4038 Nimirum
910 3995 974 4039 non
996 3973 1072 4055 quid
1094 3981 1219 4057 gestum
1241 3973 1284 4036 sit
1313 3992 1377 4054 quo

141 4058 322 4124 doceantur
343 4059 480 4126 lectores
503 4069 539 4126 ut
560 4082 668 4126 rerum
689 4059 790 4126 refert
805 4061 952 4144 scriptor,
977 4059 1033 4126 sed
1056 4081 1119 4144 quo
1140 4061 1208 4144 ipse
1230 4059 1378 4125 comites-

141 4166 205 4229 que
227 4145 427 4213 delectentur
449 4147 526 4231 quid
548 4149 626 4232 ipsis
649 4154 708 4212 aut
721 4147 800 4212 laeti
822 4148 962 4213 evenerit
985 4154 1043 4212 aut
1064 4147 1191 4215 adversi
1212 4146 1246 4211 in
1261 4167 1380 4212 memo-

141 4233 227 4298 riam
254 4241 393 4301 revocat.
450 4237 496 4300 Ac
523 4237 638 4300 mirum
665 4235 758 4300 nobis
785 4234 934 4300 videatur
962 4234 1047 4318 quod
1074 4235 1143 4318 ipse
1171 4233 1207 4300 V.
1236 4240 1380 4299 maestus

144 4320 235 4385 abire
255 4319 381 4387 dicitur.
417 4321 509 4398 Quod
524 4320 653 4406 quidem
674 4322 734 4387 hoc
750 4343 827 4388 sane
841 4328 987 4404 tempore
1002 4321 1201 4389 indecentius
1218 4321 1379 4387 habeatur

142 4406 230 4473 ultro
253 4407 349 4474 lateri
371 4409 507 4474 amicum
529 4415 688 4474 maestum
716 4409 850 4476 anobis
877 4408 1060 4474 discessisse
1090 4407 1159 4496 (qui
1181 4408 1208 4472 si
1232 4406 1379 4473 discedat

142 4492 237 4559 nobis
267 4495 344 4560 solis
368 4517 514 4562 maerere
542 4496 648 4584 lieet),
686 4518 724 4562 ex
753 4517 790 4560 eo
824 4496 1053 4580 antiquitatem
1081 4495 1383 4580 simplicitatemque
1453 4497 1455 4502 ’
