946 1385
175 119 196 136 34
451 119 477 132 sat
487 119 497 135 1,
505 118 518 131 5,

174 167 272 188 praetereat.
290 166 313 182 Ne
324 166 389 183 nomina
397 166 460 187 quidem
471 166 562 187 principum
574 171 584 182 a
592 171 609 182 se
616 166 694 186 impetrat
704 167 723 182 ut
734 165 797 182 litteris

174 188 235 208 tradat,
247 188 307 205 amicos
319 188 409 209 appellasse
420 188 461 204 satis
472 188 526 204 hebet.

225 210 297 231 Denique
308 209 366 230 quibus
377 209 471 226 adulescens
482 209 553 226 imbutus
561 210 586 226 est
597 209 687 230 sapientiae
696 209 795 230 praeceptis,

174 237 230 248 eorum
245 237 265 248 ne
280 231 322 248 inter
333 231 377 248 iocos
391 231 455 252 quidem
470 236 541 252 unquam
555 231 600 247 exuit
610 231 709 247 memoriam.
732 230 796 247 Horum

175 253 246 269 munitus
257 252 339 274 praesidio
353 254 372 269 ut
387 254 422 269 tum
433 253 486 274 ipsum
500 253 619 273 superstitionis
633 252 669 268 risit
680 252 758 273 ineptias,
770 252 797 268 ita

174 274 277 295 postmodum
287 274 366 294 libidines,
382 279 450 295 quarum
461 274 541 291 illecebris
552 279 604 290 mores
616 274 673 290 civium
685 274 767 294 eorrumpi
779 276 797 290 et

175 296 262 317 depravari
272 298 336 313 mature
347 296 440 317 intellegere
451 296 536 317 coepisset,
547 296 646 317 cumpescuit
657 301 676 312 ec
687 295 780 312 refrenavit.

227 318 267 334 Tum
279 318 319 334 haec
329 323 362 339 qun
373 317 436 334 dicendi
447 318 511 334 ratione
525 318 575 338 poeta
589 317 686 338 eXpresserit
700 317 756 338 paucis
770 318 797 333 est

175 339 308 356 adumbrandum.
333 340 355 356 Ac
366 349 388 351 —
398 344 418 356 ue
432 345 488 356 omnes
503 339 618 356 translationes
633 339 658 355 vel
669 338 729 360 figures
741 344 796 359 gram-

175 362 271 378 maticomm
279 361 393 382 rhetorumque
405 361 517 382 investigemus
528 371 549 373 —
561 361 629 377 maxime
640 360 717 377 brevitati
728 365 797 381 operam

175 383 238 399 dedisse
249 383 304 404 liquet.
324 382 365 402 Quin
377 383 439 399 ieiunus
450 383 508 399 meluit
519 382 570 399 videri
580 388 629 403 quem
639 382 729 399 lutulentus
740 382 795 398 fluere.

174 405 210 421 Duo
222 406 276 421 eutem
292 409 351 425 genera
366 406 405 421 sunt
417 404 510 424 brevitatis,
527 409 577 421 uuum
588 409 644 420 eorum
659 404 686 425 qui
701 404 797 425 plerumque

174 426 238 442 omnino
250 428 305 443 tacent
321 426 353 448 (vel
364 431 431 447 perraro
443 426 547 447 loquuntur),
564 426 633 442 alterum
644 431 700 442 eorum
715 425 742 446 qui
753 431 796 446 quae

174 448 243 464 dicenda
254 449 292 464 sunt
303 453 351 469 quam
363 448 456 464 brevissime
466 447 573 468 profitentur;
586 453 627 469 quse
639 447 670 463 duo
682 452 741 468 genera
753 449 796 463 tem-

174 470 205 486 etsi
216 469 311 486 eset-issimis
323 470 365 486 inter
372 475 407 486 sese
418 468 485 486 viriculis
496 469 599 486 continentur
609 469 687 490 distingui
698 471 752 485 tamen
764 468 795 485 ali-

174 497 206 512 quo
217 491 265 508 modo
276 492 349 512 possunt.

226 513 249 529 Ae
260 513 329 534 primum
340 512 404 534 quidem
420 513 444 529 ite
455 512 510 529 studet
525 512 609 532 brevitati,
627 514 645 528 ut
660 512 724 528 omnino
739 513 796 528 taceat

174 535 259 555 permultas.⁴
282 534 332 551 Taeet
343 534 427 551 consilium
438 534 509 554 itineris,
522 540 550 550 cui·
561 534 626 555 quando
638 534 659 550 sit
671 535 744 555 captum,
756 534 796 554 quid

175 558 213 572 ante
223 556 339 577 profectionem
350 557 432 577 paratum,
444 561 473 572 eur
481 556 515 576 ipse
522 556 567 576 prior
574 555 662 576 profectus,
673 557 718 572 tacet
729 557 795 576 pactum

174 583 209 594 esse
219 583 251 598 quo
259 578 326 598 singulis
335 579 377 594 esset
384 577 514 597 conveniendum,
526 577 569 598 quod
579 579 622 593 certe
630 577 745 598 praestitutum
753 578 795 597 erat,

174 599 205 615 nisi
216 599 259 615 forte
270 605 309 615 casu
320 599 387 619 Plotius,
399 599 457 615 Varius
465 599 577 620 Vergiliusque
587 599 679 615 Sinuessam
690 598 741 615 delati
752 600 795 615 sunt.

175 621 236 637 Deinde
251 621 286 642 ipso
298 621 314 637 in
325 621 383 637 itinere
398 626 440 641 quse
451 620 491 637 vidit
506 626 562 637 eorum
576 620 624 641 lenge
639 620 717 637 maiorem
731 622 795 641 partem

174 648 241 663 prorsus
252 644 300 659 tacet.
318 642 376 659 Totum
387 648 436 663 saepe
447 642 490 658 diem
500 647 532 658 une
542 647 590 658 versu
602 642 676 659 absolvit.
693 642 720 658 Nil
732 642 752 658 de
763 642 796 658 eol-

174 664 232 685 loquiis
244 664 325 684 comitum,
337 664 359 680 nil
382 669 421 685 rope
433 664 452 680 de
459 664 542 685 hospitum
552 664 578 680 vel
586 664 698 685 excipientium
708 663 733 680 vel
741 663 795 680 dimit-

174 686 242 702 flentium
258 686 339 702 comitate.
377 687 421 702 trum
435 685 504 707 pedibus
519 686 550 702 iter
565 685 625 702 factum
641 685 662 702 sit
678 691 699 702 en
714 685 795 705 vehiculis,

174 708 212 724 item
223 709 279 724 utrum
290 708 371 728 quiescere
383 708 495 724 consueverint
510 707 581 724 interdiu
592 713 613 724 an
625 707 701 724 continuo
712 712 796 728 processe-

174 730 211 749 rint,
223 734 338 750 nonnunquam
349 729 389 745 adeo
401 729 429 745 ubi
438 731 552 750 pernoctatum
560 729 586 749 sit,
598 729 691 749 ambiguum
699 729 756 745 haberi
767 734 795 749 po-

174 752 211 767 test.
235 751 256 767 At
267 751 309 767 enim
324 753 342 767 ut
353 756 403 771 supra
414 751 543 767 demonstratum
555 752 580 767 est
594 756 626 767 non
641 750 713 767 locorum
725 750 795 771 descrip-

173 773 235 789 tionem
246 772 277 789 sibi
288 774 397 793 proposuerat
408 772 436 789 sed
447 772 490 789 risus
499 773 574 793 iocosque
585 772 602 788 in
613 772 707 788 memoriam
718 777 796 788 revocen-

174 794 203 810 dos
217 799 268 815 neque
283 794 319 810 aliis
333 794 398 815 scripsit
412 794 500 810 lectoribus
515 794 546 810 nisi
560 794 582 810 eis
597 794 624 815 qui
641 796 670 810 eut
684 793 797 810 interfuissent

173 816 228 832 itineri
239 817 268 832 eut
278 816 315 832 loca
326 818 396 832 nossent.
420 816 509 832 Assentior.
532 815 562 832 Sed
578 821 598 832 ne
609 815 641 831 illis
652 815 716 836 quidem
730 816 796 836 poetam

173 837 210 854 fusa
220 838 245 854 uti
256 838 329 854 oratione
341 839 358 854 et
369 837 418 854 ubere
429 837 457 853 sed
468 837 563 853 brevissima
573 837 624 853 visum
636 842 671 853 esse
682 837 760 853 existimo.

225 859 265 875 Tum
276 859 300 875 ita
312 864 378 880 opernm
389 859 434 875 dedit
445 859 529 878 brevitati,
545 860 564 875 ut
575 864 623 880 quam
634 859 744 880 paucissimis,
762 864 795 875 une

174 886 222 901 saepe
233 886 272 897 voce
283 882 368 897 contentus
379 882 426 897 esset.
449 880 475 897 Sic
486 880 572 901 prandium
583 886 597 897 V.
609 881 643 900 25,
655 880 698 901 quod
710 886 759 901 quem
770 880 795 896 iu-

174 902 243 919 cundum
252 902 301 919 fuerit
308 903 367 923 poetae
378 902 432 918 inedie
443 902 531 923 superioris
539 902 570 918 diei
577 904 594 918 et
601 902 653 918 noctis
664 902 745 918 insomnia
756 907 795 918 con-

174 924 215 940 secto
231 924 279 940 facile
293 924 393 944 couiicimus,
410 929 442 940 uno
455 924 505 940 verbo
521 923 617 946 (pransi)
633 924 727 941 absolvitur.
750 923 795 940 Villa

174 946 235 965 Coccei,
247 946 264 962 in
271 951 303 966 qua
314 945 354 962 nihil
365 951 420 962 eorum
432 950 473 966 quae
485 945 507 962 ad
514 945 595 961 luxuriam
605 945 688 966 pertinent
699 945 796 966 requireres,

173 973 207 984 una
220 972 260 984 voce
274 967 424 989 (plenissime)
440 966 521 983 laudatur.
545 967 600 983 Etiam
614 967 729 988 praeteritione
745 972 795 988 quam

175 991 233 1005 vocant
244 990 301 1009 utitur,
316 994 351 1005 cum
362 988 465 1005 Sarmentum
476 988 557 1010 permulta
568 989 601 1005 alie
613 989 629 1004 in
640 988 740 1010 Campanum
751 994 796 1005 mor-

174 1012 212 1027 bum
224 1013 240 1027 et
252 1011 268 1027 in
279 1011 335 1027 faciem
347 1010 395 1027 Messi
406 1010 477 1026 iocatum
488 1016 524 1027 esse
534 1010 587 1027 tradit
599 1015 629 1027 nec
640 1011 694 1027 tamen
705 1011 739 1031 ipse
750 1010 796 1027 iocos

175 1033 228 1049 refert.

226 1054 292 1070 Brevius
305 1055 328 1070 est
339 1053 411 1070 homiues
422 1051 466 1074 ipsos
477 1053 531 1070 secere
542 1053 626 1074 loquentes
637 1059 685 1074 quam
697 1058 738 1074 quae
750 1053 796 1070 dixe-

175 1076 208 1092 rint
219 1076 293 1092 oi-atione
304 1080 371 1091 narrare
382 1075 466 1091 indirecte.
489 1075 565 1091 Diverbio
576 1075 627 1096 igitur
638 1075 671 1091 sive
682 1075 747 1096 dialogo
758 1075 795 1096 plu-

174 1098 219 1113 ribus
234 1098 286 1113 utitur
300 1097 338 1113 Iocis
355 1096 407 1119 (velut
421 1102 480 1117 pueros
495 1098 594 1117 nautasque,
611 1098 646 1113 tum
658 1097 761 1113 Sarmentum
778 1099 795 1113 et

176 1119 251 1135 Messium
263 1119 305 1139 ipsos
318 1118 356 1135 facit
367 1118 489 1140 colloquentes).

226 1140 313 1156 Brevitatis
324 1140 348 1156 ita
359 1141 383 1156 est
393 1140 475 1156 studiosus
487 1141 536 1161 atque
547 1140 588 1156 adeo
599 1145 662 1156 omnem
670 1140 731 1161 spernit
743 1139 759 1155 iu
771 1139 795 1156 di-

175 1162 225 1178 cendo
237 1162 325 1181 luxui-iam,
337 1163 355 1178 ut
366 1167 415 1183 saepe
426 1167 446 1178 ne
457 1161 547 1178 ieiunitatis
558 1161 621 1182 quidem
633 1161 693 1178 crimen
705 1161 794 1178 evitaverit.
