3234 5054
229 261 272 325 28
705 259 757 309 Sat.
777 261 797 322 Ι,
815 256 841 322 5,
860 255 917 310 103.
936 255 992 310 104.

230 448 325 514 modo
348 448 520 514 infitiatur.
565 449 610 515 At.
631 449 659 514 si
681 448 758 533 quid
780 454 900 514 natura
922 449 995 514 miri
1017 448 1132 529 faciat,
1162 448 1294 515 deorum
1315 448 1349 512 id
1371 469 1476 532 opera

231 537 376 603 accidere
409 535 596 619 gravissime
630 541 737 620 negat.
790 536 873 613 Quid
903 539 998 602 vero?
1054 536 1166 601 Nonne
1195 536 1392 602 contrarium
1419 542 1475 600 est

230 622 399 708 nymphas,
422 643 542 704 musae,
567 623 647 690 alios
670 623 748 689 deos
764 623 906 707 deasque
929 624 1091 707 suspicere
1113 629 1146 689 et
1164 624 1219 706 pio
1234 624 1339 689 colere
1353 623 1474 702 animo,

231 711 270 776 de
293 718 473 777 ceterorum
504 732 542 776 ac
564 709 604 776 de
626 711 711 776 Iovis
736 711 892 794 imprimis
921 710 1090 794 provident
1076 711 1203 776 ttia
1145 732 1187 794 po
1189 711 1354 810 tentiaque
1376 708 1471 775 dubi-

230 798 327 866 tare?
371 798 415 863 At
436 795 600 882 religionis
623 803 674 862 est
697 797 774 863 deos
798 798 903 863 colere
926 803 959 862 et
981 797 1135 876 adorare;
1170 798 1301 863 minima
1323 817 1472 880 quaeque

233 906 316 971 quae
338 906 378 950 ne
400 889 586 969 praetorem
607 884 734 968 quidem
757 904 870 950 curare
893 890 1023 950 constat
1046 884 1178 950 deorum
1201 885 1334 951 consilio
1357 904 1475 968 opera-

232 994 293 1057 que
314 972 364 1036 vel
385 970 466 1037 effici
487 971 617 1038 credere
638 972 689 1037 vel
711 972 876 1055 prohiberi
904 972 1152 1056 superstitionis.
1199 972 1243 1037 At
1265 973 1348 1038 enim
1371 993 1475 1070 supra

231 1081 296 1126 non
318 1058 481 1125 deorum
473 1079 563 1124 iussu
585 1059 635 1124 vel
651 1079 750 1142 opera
773 1059 937 1124 dixeratt
923 1065 999 1125 tura
1014 1059 1103 1124 tradi
1117 1046 1292 1142 liquescere
1314 1057 1419 1124 sed
1393 1079 1471 1123 srm-

231 1147 359 1232 pliciter
381 1146 556 1228 liquescere
584 1146 711 1244 idque
701 1167 807 1230 ipsum
835 1168 895 1228 pro
917 1145 992 1211 ficto
1015 1146 1176 1212 habuerat
1162 1152 1304 1231 tatque
1326 1145 1470 1229 indigno,

232 1233 319 1320 quod
341 1234 436 1298 homo
458 1239 545 1298 recte
568 1233 709 1298 sentiens
731 1254 842 1298 verum
857 1255 926 1298 esse
945 1232 1057 1300 credat
1080 1233 1372 1320 (ae-100).1am
1392 1253 1472 1296 vero

231 1342 299 1386 rem
320 1321 425 1405 ipsam
447 1341 512 1385 non
534 1320 561 1385 it
582 1319 713 1401 infitias,
741 1319 802 1384 diis
824 1319 894 1384 fieri
917 1327 992 1386 auct
978 1321 1104 1386 toribus
1127 1326 1233 1404 negat.
1211 1319 1345 1385 tAut
1366 1319 1473 1402 primo

231 1409 333 1492 igitur
355 1406 483 1474 omnino
507 1427 559 1506 res
583 1371 722 1473 ridiculd
736 1407 916 1487 videbatur,
939 1415 1008 1472 tum
1030 1407 1116 1474 ubi
1107 1429 1179 1491 ipsa
1202 1406 1241 1471 de
1262 1429 1298 1472 re
1319 1408 1384 1472 iam
1405 1426 1475 1470 non

232 1502 362 1580 poterat
377 1493 469 1561 dubit
454 1493 529 1575 tari,
548 1493 626 1560 deos
642 1493 706 1560 dici
721 1500 796 1560 auct
798 1515 869 1559 ores
884 1516 943 1577 pro
955 1494 1070 1560 fraude
1083 1494 1267 1561 habebatur
1284 1492 1471 1558 deridenda.

232 1584 299 1647 Aut
320 1583 429 1666 priore
450 1582 521 1648 loco
545 1580 586 1669 (r.
611 1581 680 1668 99.)
696 1579 834 1646 ‘flamma
857 1581 924 1648 sine
952 1581 985 1668 (i.
1004 1604 1029 1646 e.
1054 1582 1122 1646 sine
1144 1580 1274 1646 flamma
1296 1586 1333 1646 ut
1355 1580 1421 1645 Sat.
1446 1581 1473 1659 Ι,

233 1673 263 1750 3,
287 1671 344 1735 68;
375 1689 451 1732 nam
472 1668 558 1733 vitiis
583 1666 676 1734 nemo
699 1669 767 1733 sine
789 1669 949 1756 nascitur)
983 1674 1059 1733 tura
1081 1668 1256 1752 liquescere
1278 1668 1326 1732 ita
1349 1666 1475 1732 dictum

233 1762 283 1822 est
310 1762 348 1820 ut
377 1756 444 1820 sine
466 1755 534 1820 ulla
564 1775 628 1819 non
660 1755 763 1820 solum
794 1755 958 1820 hominum
986 1754 1162 1822 sedetiam
1191 1760 1329 1820 naturae
1360 1775 1472 1838 opera,

233 1843 322 1908 nulla
345 1843 473 1907 omnino
496 1863 596 1908 causa
630 1840 789 1908 effectrice
818 1842 911 1926 quasi
940 1843 1064 1926 magico
1087 1842 1173 1907 dicto
1205 1841 1371 1908 audientia
1395 1847 1475 1908 tura

232 1931 406 2013 liquescere
436 1929 653 1995 crederentur.
702 1928 753 1994 Sic
783 1929 838 2012 qui
869 1930 1089 2013 exponendum
1111 1950 1180 1994 esse
1211 1930 1317 1994 locum
1345 1949 1472 1994 mecum

236 2017 393 2096 censebit,
427 2016 506 2082 nihil
539 2037 705 2100 superesse
738 2015 935 2082 difficultatis
968 2017 1155 2082 consentiet.
1206 2014 1355 2081 Profecto
1388 2014 1474 2080 enim

237 2104 344 2170 nescio
366 2102 444 2188 quid
459 2103 622 2187 singulare
645 2103 809 2168 inventum
823 2104 869 2168 ibi
883 2125 953 2168 esse
975 2103 1069 2169 docet
1083 2103 1204 2168 Plinius
1218 2103 1257 2166 N.
1274 2103 1313 2167 H.
1329 2103 1370 2182 ΙΙ,
1389 2104 1471 2169 111:

234 2193 272 2257 In
293 2191 470 2256 Sallentino
501 2189 619 2274 oppido
641 2189 782 2272 Egnatia
811 2191 961 2273 imposito
991 2191 1079 2274 ligno
1108 2191 1142 2253 in
1171 2211 1283 2256 saxum
1310 2189 1472 2273 quoddam

236 2279 281 2344 ibi
303 2297 431 2344 sacrum
451 2278 600 2361 protinus
622 2275 785 2342 flammam
808 2278 953 2342 existere.

339 2367 445 2448 Atque
473 2371 582 2430 utrum
611 2369 698 2430 recte
725 2368 823 2448 poeta
852 2363 903 2429 his
935 2363 1092 2429 derebus
1121 2365 1258 2429 senserit
1244 2369 1387 2428 tnecne
1408 2383 1468 2426 non

238 2460 286 2518 est
309 2458 456 2517 nostrum
471 2451 650 2517 decernere.
684 2450 732 2516 De
747 2451 863 2536 quibus
886 2451 989 2517 utut
980 2452 1041 2535 1psi
1062 2451 1225 2531 sentimus,
1249 2448 1372 2550 indigni
1394 2471 1470 2514 non-

237 2538 317 2603 nihil
338 2539 459 2604 habere
482 2539 758 2623 superstitionem,
793 2560 857 2621 qua
879 2538 931 2603 dei
953 2559 1160 2622 quaecunque
1184 2539 1219 2602 in
1239 2538 1308 2602 vita
1329 2537 1474 2602 humana

237 2627 320 2690 mira
343 2626 491 2690 eveniant
519 2631 557 2690 nt
585 2625 665 2709 ligni
686 2625 867 2690 incendium
889 2625 1012 2698 efficere
1034 2625 1218 2704 credantur,
1253 2622 1472 2690 concedemus.

237 2712 303 2778 Nec
334 2717 443 2777 tamen
476 2715 552 2796 po'et
554 2733 607 2777 am
640 2713 838 2797 petulantius
871 2712 921 2776 his
950 2712 990 2777 de
1017 2713 1113 2777 rebus
1148 2713 1249 2796 egisse
1279 2711 1473 2794 negaverim.

238 2800 324 2864 Deos
347 2801 395 2864 ait
415 2799 527 2865 tristes
559 2798 629 2884 (qui
649 2805 687 2865 ut
708 2799 858 2882 magistri
878 2799 998 2865 morosi
1020 2799 1126 2864 omnia
1148 2804 1274 2878 curant,
1296 2797 1377 2863 nihil
1399 2819 1475 2863 con

240 2887 358 2966 nivent,
334 2885 461 2952 tnihil
484 2885 729 3038 indulgent)-
754 2887 883 2952 exalto
906 2886 986 2952 caeli
1008 2886 1176 2952 demittere
1197 2891 1283 2952 tecto
1301 2885 1408 3036 §velut
1426 2885 1475 2949 di-

238 2975 318 3039 vites
342 2937 441 3057 dtipes
462 2974 635 3058 proliciunt
650 2972 828 3060 mendicis).
866 2975 909 3039 At
924 2974 1007 3039 tales
1030 2994 1095 3038 non
1110 2993 1179 3038 esse
1202 2972 1278 3038 deos
1324 2978 1395 3038 ocet
1417 2973 1474 3037 sed

240 3063 318 3148 (quo
340 3060 479 3144 ineptius
499 3060 637 3143 cogitari
651 3082 716 3126 non
729 3059 849 3146 possit)
873 3059 969 3126 credi.
1003 3060 1147 3143 Denique
1170 3060 1197 3125 si
1219 3059 1283 3125 duo
1299 3059 1473 3126 statuenda

239 3153 315 3213 sunt
336 3169 455 3230 genera
475 3147 649 3228 hominum,
673 3169 771 3213 unum
793 3169 903 3213 eorum
926 3148 980 3232 qui
1002 3148 1164 3231 graviores
1179 3152 1255 3212 sunt
1276 3146 1380 3227 dictis,
1404 3145 1471 3211 ani-

238 3235 298 3300 mis
321 3241 354 3300 et
374 3235 470 3300 rebus
491 3235 635 3314 leviores
659 3235 798 3300 alterum
821 3256 930 3300 eorum
952 3236 1006 3319 qui
1027 3234 1161 3300 leviores
1178 3241 1253 3300 sunt
1275 3234 1379 3314 dictis,
1403 3233 1472 3298 ani-

238 3323 298 3386 mis
330 3326 363 3387 et
391 3320 489 3387 rebus
511 3322 692 3405 graviores,
727 3343 828 3404 neque
857 3323 924 3387 utri
951 3321 1059 3405 potius
1091 3320 1239 3388 imitandi
1265 3342 1367 3404 neque
1388 3321 1473 3387 utris

237 3409 394 3474 Horatius
417 3408 677 3476 adnumerandus
700 3409 742 3474 sit
764 3408 992 3475 dubitabimus.

341 3495 404 3562 Sed
425 3499 539 3579 poeta,
572 3496 626 3580 qui
648 3495 795 3562 omnibus
818 3517 917 3578 supra
938 3495 1017 3560 locis
1041 3517 1079 3562 ac
1101 3495 1273 3580 praecipue
1295 3495 1354 3561 sub
1377 3493 1473 3561 finem

238 3581 448 3648 festinaverat
452 3583 530 3683 (mil
550 3584 616 3648 iam
635 3583 676 3648 de
690 3582 858 3649 itineribus
881 3583 1025 3668 quamvis
1047 3583 1161 3666 longis,
1184 3583 1230 3647 nil
1245 3582 1284 3647 de
1298 3582 1472 3670 hospitiis),

239 3669 378 3734 Gnatiae
407 3670 555 3753 opinione
584 3670 704 3736 diutius
734 3676 879 3735 moratus
902 3677 951 3736 est
986 3669 1113 3758 (tantus
1137 3669 1235 3734 ardor
1258 3675 1308 3734 est
1330 3669 1470 3754 philoso-

238 3756 434 3844 phantium).
479 3759 548 3822 lam
577 3758 670 3840 quasi
697 3757 784 3822 saltu
806 3757 872 3824 ruit
857 3757 937 3824 tad
958 3757 1070 3824 finem.
1104 3755 1299 3822 Brundis.
1322 3757 1474 3840 longae

239 3835 346 3908 finis
378 3843 638 3942 chartaeque
660 3845 834 3929 viaeque
862 3850 933 3910 est.
980 3845 1049 3923 Quo
1071 3865 1147 3909 num
1169 3842 1255 3924 fessi,
1278 3844 1409 3909 meliore
1432 3865 1474 3909 an

239 3930 294 3995 det
280 3929 399 3995 teriore
420 3931 472 3995 via
494 3931 543 3996 vel
565 3936 774 4015 tempestate,
808 3930 915 3997 raedis
939 3953 981 3997 an
1003 3931 1138 4015 pedibus
1160 3895 1378 4015 pervenerint,
1410 3952 1472 4014 quo

239 4017 361 4099 recepti
383 4017 449 4082 sint
469 4017 625 4100 hospitio,
658 4017 769 4084 nihil
760 4040 824 4084 1am
846 4018 955 4084 refert.
1001 4018 1185 4083 Pervenisse
1207 4017 1249 4083 ad
1271 4016 1366 4084 finem
1387 4019 1473 4084 tanti

240 4110 290 4170 est
311 4103 458 4187 tantique
481 4104 617 4184 ducitur,
640 4113 686 4170 'ut
708 4105 833 4170 etiamsi
856 4105 1055 4171 semianimes
1079 4104 1291 4184 advenissent,
1315 4105 1375 4170 sub
1399 4103 1471 4169 divo

240 4195 440 4275 pernoctare,
471 4190 555 4257 fame
578 4193 621 4258 sit
606 4192 693 4276 tique
714 4215 816 4277 prope
837 4194 963 4259 enecati
984 4193 1117 4258 interire
1138 4197 1337 4291 cogerentur,
1366 4191 1474 4256 omnia

238 4277 420 4362 pronihilo
443 4278 613 4362 pendenda
634 4287 750 4347 esseut.
795 4280 905 4364 Neque
935 4281 1038 4363 magis
1064 4287 1161 4345 antea
1182 4279 1234 4344 via
1256 4278 1399 4344 laetatus
1423 4283 1472 4342 est

241 4385 338 4448 quam
359 4387 442 4430 nunc
461 4365 674 4449 descriptione
697 4366 893 4455 (charta)
918 4367 1072 4448 confecta,
1096 4386 1232 4450 quarum
1254 4387 1326 4430 eum
1348 4371 1471 4429 utram-

241 4473 302 4538 que
329 4472 394 4517 uon
415 4453 502 4519 ultro
526 4453 582 4518 sed
603 4454 790 4520 Maecenate
758 4459 952 4520 tauctore
984 4454 1092 4520 iniisse
1112 4452 1258 4537 pluribus
1288 4473 1327 4518 ex
1349 4449 1472 4518 indiciis
