3234 5054
641 248 692 298 sat.
710 247 730 309 1,
748 243 773 310 1,
791 242 919 296 111-111.
1355 247 1396 311 27

158 455 227 500 non
248 434 323 517 quid
347 435 500 500 acciderit
527 435 683 519 imprimis
713 435 746 500 in
775 434 835 500 hoc
867 440 1031 520 spectetur
1059 456 1204 500 sermone
1233 436 1289 500 sed
1319 435 1396 520 quid

156 520 233 586 inde
254 521 429 620 voluptatis
451 523 554 606 possit
575 521 711 606 percipi,
735 529 805 587 tum
826 521 893 592 111.
918 523 1058 586 omnium
1080 521 1219 606 primum
1240 523 1324 587 risus
1337 523 1396 595 .di-,

157 607 275 674 scimus
290 629 442 692 iocosque
454 609 644 694 praebuisse
659 609 736 694 ipsis
752 608 915 690 Gnatiam,
935 616 1050 693 postea
1065 608 1190 674 demum
1205 614 1282 675 tura
1297 610 1396 692 lique·

157 695 257 763 facta.
291 695 360 762 Iam
374 717 449 762 vero
472 696 549 781 quid
572 698 615 763 sit
637 695 723 780 quod
743 695 875 762 riserint
897 697 992 761 amici
1014 695 1200 780 ambiguum
1217 702 1276 762 est.
1312 695 1396 762 Nam

158 787 238 848 tura
259 781 367 847 limine
383 804 476 848 sacro
491 804 561 849 1111
575 782 750 867 liquefacta
764 786 863 866 poeta
886 789 972 848 certe
987 783 1087 849 oculis
1102 804 1166 849 non
1181 783 1269 849 vidit.
1305 783 1396 860 Quod

161 869 191 934 si
212 868 360 951 vidisset,
394 869 471 954 quid
494 891 573 954 opus
597 876 668 937 erat
689 871 871 954 persuasu?
914 869 977 936 Sed
999 877 1107 936 tamen
1129 871 1273 936 nonnihil
1294 870 1396 936 videri

158 955 292 1022 subesse
313 956 381 1022 1111
410 979 484 1022 mox
512 959 581 1041 ipse
612 956 782 1024 confitetur
804 959 918 1041 potita:
955 958 988 1022 si
1015 955 1113 1040 quid
1142 958 1236 1023 miri
1266 957 1396 1024 faciat

157 1049 320 1110 natura
342 1049 416 1110 cett.
454 1043 615 1110 Naturam
637 1046 737 1128 igitur
758 1045 831 1109 miri
852 1044 898 1109 ibi
921 1043 1042 1128 aliquid
1065 1043 1178 1110 fecisse
1200 1065 1265 1110 uon
1286 1051 1394 1128 negat,

156 1129 221 1196 Sed
235 1137 344 1197 tamen
358 1137 435 1198 tura
457 1137 491 1196 et
506 1130 601 1198 limen
616 1153 744 1198 sacrum
759 1131 972 1215 suspicionem
987 1131 1064 1196 mihi
1079 1130 1208 1214 quidem
1222 1132 1392 1196 incutiunt.

159 1216 268 1294 Quid?
290 1239 394 1282 nonne
416 1218 562 1284 fraudem
585 1219 673 1302 piam
696 1218 855 1284 subfuisse
878 1217 1082 1284 sacerdotum
1103 1239 1178 1284 1111
1201 1213 1393 1284 1111111111-

154 1306 268 1370 mum?
311 1305 463 1370 Fortasse
492 1305 592 1389 igitur
623 1305 821 1389 temporibus
851 1304 1044 1388 quibusdam
1075 1311 1151 1370 tura
1177 1305 1278 1370 limini
1301 1327 1394 1371 sacro

155 1392 309 1475 imposita
331 1392 398 1458 sine
420 1391 551 1458 flamma
579 1392 734 1476 liquefieri
755 1391 951 1459 ferebantur.
999 1392 1089 1470 Quod
1112 1413 1306 1475 quamquam
1328 1393 1393 1456 Ho-

156 1479 282 1560 ratius,
311 1486 468 1562 utsupra
490 1479 643 1560 diximus,
675 1480 740 1544 suis
762 1500 827 1545 non
848 1479 929 1544 vidit
952 1479 1068 1560 oculis,
1097 1500 1160 1543 non
1184 1478 1318 1544 deerant
1341 1481 1394 1562 qui

155 1571 258 1632 testes
282 1565 456 1631 existerent
477 1567 642 1647 miraculi,
677 1567 772 1632 immo
795 1565 1002 1632 iureiurando
1025 1566 1211 1632 testimonia
1233 1566 1395 1632 affirmare

156 1653 267 1737 parati
290 1659 405 1718 esseut.
449 1654 556 1737 Atque
577 1675 694 1738 magno
717 1653 866 1719 videntur
889 1652 995 1720 studio
1027 1653 1061 1717 id
1083 1653 1202 1736 egisse,
1236 1659 1393 1736 utquam

155 1739 303 1824 plurimis
326 1739 421 1806 fidem
443 1739 595 1807 facerent.
642 1740 718 1818 Quis
740 1740 893 1807 tandem?
938 1739 1059 1822 Nempe
1087 1741 1159 1823 ipsa
1181 1740 1294 1806 civitas
1317 1745 1390 1804 tota

156 1827 392 1910 Egnatiuorum
427 1826 604 1914 (Gnatia
626 1867 668 1876 -
697 1827 845 1978 eupitg.
892 1827 974 1904 Quid
1007 1828 1079 1892 ita?
1122 1827 1244 1908 Lucri„
1270 1827 1392 1910 opinor,

157 1936 285 1980 causa..
313 1915 431 1998 Magno
455 1915 537 1979 enim
567 1915 601 1979 in
628 1915 742 1980 urbem
770 1935 808 1980 ae
832 1935 943 1997 emque
972 1935 1100 1980 sacram
1127 1915 1292 1979 hominum
1317 1936 1390 1978 con·

157 2023 255 2067 cursu
277 2001 365 2066 haud
387 2000 545 2066 mediocre
566 2001 696 2067 redibat
717 2001 841 2066 luorum
862 2001 994 2066 civitati.
1035 2001 1239 2068 Hancobrem
1260 2023 1392 2084 persua-

157 2088 233 2153 dere
256 2089 377 2173 eupit.
424 2087 475 2154 Sic
497 2088 566 2154 iure
588 2087 790 2172 indignatum
812 2109 881 2153 esse
902 2092 1033 2176 po‘e'tam
1054 2095 1143 2171 puto,
1177 2088 1282 2173 Atque
1305 2087 1392 2153 haud

159 2176 225 2242 scio
247 2197 290 2240 an
312 2175 490 2260 periculum
511 2175 610 2240 fuerit
638 2197 678 2241 ne
705 2197 787 2240 unus
810 2175 931 2240 alterve
953 2175 1083 2240 Horatii
1105 2177 1256 2241 comitum
1278 2175 1393 2241 fraude

156 2261 349 2328 flecteretur.
396 2261 488 2340 Quod
509 2263 571 2328 nisi
592 2263 658 2329 ullo
681 2261 776 2327 modo
798 2262 971 2328 verendum
994 2268 1082 2344 erat,
1113 2284 1170 2328 eur
1190 2262 1336 2328 refellere
1358 2268 1392 2328 11

155 2347 301 2416 refutare
315 2371 383 2415 rem
398 2349 663 2418 absurdissimam
687 2350 828 2414 animum
849 2349 994 2415 inducit?
1032 2348 1190 2415 Credat
1211 2349 1391 2414 Iudaeus
1428 2410 1433 2422 ,

157 2435 318 2518 Apella.
353 2437 442 2502 Licet
463 2443 621 2502 nonnemo
643 2437 715 2502 istis
738 2435 833 2500 fidem
848 2436 970 2502 habeat
990 2437 1193 2517 testimoniis,
1216 2436 1392 2502 1111111111-

158 2521 278 2588 nullius
301 2523 534 2590 111111111111111
557 2523 628 2590 istis
650 2523 861 2603 mulceantur,
890 2523 983 2590 nobis
1012 2524 1218 2590 1111111111
1248 2544 1313 2588 non
1335 2523 1391 2589 da-

160 2608 254 2690 bitis,
285 2609 341 2674 sed
361 2609 555 2676 ludaeorum
577 2611 620 2677 sit
641 2610 723 2677 talia
745 2609 888 2692 credere,
912 2611 966 2694 qui
987 2617 1024 2676 ut
1045 2611 1178 2696 quisque
1199 2611 1336 2676 maxime
1358 2632 1392 2675 11

158 2695 325 2765 credulum
357 2697 493 2781 praebet
525 2699 573 2764 ita
604 2697 880 2782 religiosissimum
912 2697 1047 2764 eundem
1079 2697 1227 2764 ferantur
1262 2698 1390 2764 habere.

156 2783 307 2866 Apellam
329 2805 445 2850 nomen
466 2807 535 2851 esse
556 2785 721 2850 Iudaicum
743 2784 933 2860 documento
949 2790 999 2850 est
1019 2785 1110 2870 epist.
1127 2785 1220 2850 Pauli
1243 2785 1285 2850 ad
1300 2786 1389 2852 Rom.

159 2874 212 2951 16,
239 2873 287 2937 10.
333 2871 468 2938 Aoronis
491 2877 599 2938 autem
622 2872 1135 2957 scholiastaeinterpretationem
1157 2872 1391 2956 (1111111111-

158 2978 229 3041 pos.
255 2979 293 3022 ex
317 2985 338 3025 α
359 2959 518 3041 privativo
541 2966 661 3030 11111.
684 2958 793 3044 pellis,
822 2959 842 3022 i.
860 2980 886 3024 1.
916 2965 1026 3024 curtus
1049 2959 1120 3024 1111.
1145 2958 1211 3024 Sat.
1228 2960 1251 3039 I,
1275 2961 1305 3038 9,
1329 2961 1390 3039 10.,

156 3043 383 3125 circumcisus,
418 3047 492 3128 quia
513 3045 718 3130 praeputium
747 3067 812 3111 nou
832 3045 945 3133 hahet)
974 3046 1008 3110 in
1030 3045 1134 3111 dubiis
1164 3045 1390 3129 relinquamus.

153 3131 185 3196 N
196 3153 245 3195 on
267 3152 351 3214 ego.
386 3130 491 3215 Supra
504 3134 589 3198 risus
606 3133 729 3216 iooique
752 3133 820 3198 sine
835 3131 932 3198 dubio
948 3133 1088 3198 omnium
1102 3131 1232 3198 fuerunt
1255 3133 1296 3220 (1.
1313 3132 1390 3219 911),

153 3239 239 3284 nunc
261 3241 343 3284 unus
367 3222 466 3302 poeta
488 3219 606 3285 fabulis
628 3225 796 3304 repugnat.
833 3218 991 3284 Nimirum
1014 3219 1090 3305 quid
1113 3220 1246 3303 quisque
1269 3219 1390 3299 credat,

154 3327 260 3389 neque
283 3306 421 3372 alterum
444 3307 558 3373 docere
589 3328 691 3390 neque
714 3307 755 3372 ab
779 3306 883 3374 altero
906 3306 1014 3372 doceri
1043 3306 1099 3372 sed
1122 3328 1214 3372 suum
1235 3328 1391 3390 quemque
1457 3361 1461 3370 .

154 3393 260 3477 ipsum
284 3391 395 3458 ducem
418 3415 487 3460 esse
510 3399 647 3478 oportet.
693 3394 740 3474 Ac
761 3415 801 3459 ne
831 3394 876 3458 sio
907 3393 1035 3479 quidem
1062 3415 1130 3458 rem
1152 3395 1283 3459 missam
1309 3393 1388 3458 facit

156 3479 215 3544 sed
238 3477 331 3545 addit
353 3481 673 3565 argumentationem.
712 3480 891 3564 Namque
914 3479 1009 3546 deos
1032 3479 1165 3547 didici
1187 3518 1236 3544 -.
1273 3480 1390 3558 Quam-

158 3587 254 3650 quam
275 3567 380 3650 ipsum
402 3568 535 3634 verbum
557 3567 711 3648 discendi,
746 3589 817 3633 cum
846 3567 1013 3634 intellectu
1043 3589 1122 3651 opus
1146 3568 1275 3634 sitnon
1297 3566 1390 3633 disci-

154 3653 254 3738 plina,
286 3655 431 3721 iuveuilis
453 3655 597 3720 nonnihil
618 3654 719 3721 habet
739 3654 950 3720 credulitatis.
994 3654 1055 3720 Est
1076 3655 1158 3720 enim
1180 3654 1320 3720 levitatis
1342 3655 1390 3718 iu-

154 3739 281 3806 niorum
305 3741 443 3808 aliorum
471 3741 571 3807 fretos
599 3743 781 3826 praeceptis
809 3742 897 3825 ipsos
926 3742 1074 3825 graviore
1102 3763 1181 3807 cura
1209 3741 1387 3806 meditandi

154 3828 372 3910 supersedere.
419 3829 614 3896 Securum
646 3850 770 3914 agere
799 3851 951 3894 aevum.
1000 3829 1069 3894 Hoc
1099 3828 1220 3894 dictum
1249 3827 1390 3893 Lucretii

154 3913 210 4014 (11,
234 3917 284 4014 82.
319 3915 373 3996 VI,
397 3915 465 4015 bd.)
499 3915 554 4016 illo
580 3922 725 4015 tempore
754 3916 839 3982 inter
869 3915 1088 3982 adulescentes
1116 3917 1308 4015 praesertim
1338 3938 1389 4015 sa-¹

152 4002 800 4172 1111111111111111
817 4002 1389 4175 attinebitsternutus

154 4175 210 4240 sed
217 4181 361 4244 veterum
377 4199 548 4261 eorumque
564 4177 873 4261 sapientissimorum
889 4178 1117 4243 auctoritatem
1132 4177 1221 4260 sequi
1230 4176 1384 4248 videatur.

153 4261 235 4328 Nec
269 4264 301 4329 si
335 4263 431 4348 quid
464 4265 560 4330 miri
592 4265 727 4330 faciat
760 4271 937 4343 natura,
972 4264 1070 4330 deos
1099 4263 1139 4328 id
1171 4264 1314 4330 tristis
1343 4285 1388 4327 ex

155 4349 248 4414 alto
271 4351 382 4417 caeli
404 4351 627 4418 demittere
650 4357 770 4417 tecto.
823 4351 897 4415 Miri
919 4351 1017 4434 igitur
1041 4350 1159 4434 aliquid
1184 4350 1229 4414 ibi
1250 4351 1298 4414 vel
1320 4349 1389 4414 fieri

152 4436 203 4501 111
225 4436 347 4503 factum
370 4461 454 4520 esse,
484 4445 520 4504 ut
542 4460 642 4521 supra
664 4439 817 4518 diximus,
848 4459 1041 4522 quamquam
1071 4460 1135 4502 uon
1159 4438 1269 4518 docet,
1300 4437 1386 4502 nullo
