3234 5054
668 297 719 348 sar.
738 297 758 361 I,
776 294 802 361 5,
820 291 896 349 5-1.
1379 298 1396 364 7

165 505 234 553 6666
255 489 371 570 pottae
393 486 467 552 1666
490 487 605 570 quibus
628 492 851 568 pernoctatum
880 487 923 552 sit
946 487 1052 552 omnia
1073 488 1261 555 nominatim
1281 509 1398 554 memo·

163 596 245 640 rare.
293 573 448 657 Superest
476 580 514 638 ut
536 575 598 639 iter
627 575 676 639 ita
698 572 834 638 divisum
856 595 925 639 esse
948 574 1134 656 credamus,
1168 581 1205 640 ut
1227 575 1313 642 circa
1333 597 1398 641 me-

163 661 276 726 ridiem
292 662 416 744 aliquot
430 660 498 726 1616
512 661 610 727 horas
625 662 870 744 requiescerent.
906 659 984 725 Cum
999 663 1185 746 plerumque
1200 663 1396 746 singulorum

163 747 287 814 dicrum
309 749 427 814 itinera
449 748 537 813 velut
558 769 622 812 uno
644 754 756 814 tenore
778 747 924 813 66116616
947 770 1016 813 6666
1037 749 1217 830 videantur,
1241 750 1398 815 Horatius

163 856 236 901 cum
259 836 375 901 comite
397 835 491 900 huius
514 833 578 900 diei
599 834 647 900 ita
671 837 823 900 sustinuit
844 836 1034 915 molestiam,
1058 841 1095 901 ut
1116 837 1256 920 priorem
1270 843 1397 920 partem

162 943 268 1003 mane,
293 922 351 988 sub
374 944 545 1006 vesperum
567 922 779 1005 posteriorem
802 922 1010 1006 susciperent,
1036 925 1227 1006 praesertim
1249 945 1321 988 cum
1342 923 1399 988 ho-

165 1009 297 1092 spitium
318 1010 395 1075 1611
416 1011 517 1093 Appi,
549 1031 612 1092 quo
635 1010 828 1088 tendebant,
859 1029 924 1074 non
946 1009 980 1073 id
1003 1015 1104 1090 esset,
1127 1031 1190 1093 quo
1213 1032 1310 1094 quam
1331 1031 1398 1076 ma-

166 1097 302 1162 turrime
324 1096 476 1162 advenire
498 1096 697 1162 festinarent.
733 1096 784 1162 Sic
806 1097 957 1179 quoniam
979 1095 1031 1161 hic
1045 1097 1134 1162 locus
1158 1097 1397 1163 difficultatibus

165 1183 260 1248 aliter
281 1183 553 1267 insuperabilibus
577 1184 763 1260 extricetur,
786 1189 920 1248 nonest
942 1183 1027 1266 quod
1043 1185 1177 1249 Acronis
1201 1185 1395 1250 scholiastae

167 1271 397 1337 auctoritatem
426 1270 524 1337 biduo
547 1277 676 1336 ventum
698 1291 767 1335 esse
798 1269 839 1335 ab
863 1269 951 1335 Urbe
971 1270 1090 1335 Forum
1113 1271 1211 1354 Appi,
1240 1300 1301 1338 eum
1325 1283 1398 1338 6616

164 1365 254 1424 616166
275 1387 330 1426 ouo
346 1367 391 1426 die
414 1385 445 1424 eo
466 1369 586 1424 solerent
600 1367 704 1434 venire,
728 1357 903 1422 asserentis
922 1377 1104 1440 sequamur.
1141 1358 1264 1424 Deinde
1286 1358 1398 1442 quaeri

163 1450 287 1528 potest,
320 1467 393 1510 cum
415 1445 477 1510 iter
508 1465 542 1510 se
565 1444 709 1510 divisisse
729 1443 830 1508 refert
859 1443 957 1530 (hoc
978 1445 1059 1510 iter
1080 1445 1221 1527 ignavi
1243 1445 1397 1510 divisi-

162 1531 289 1620 mus),
320 1538 431 1598 utrum
458 1531 497 1596 do
519 1552 552 1597 66
575 1553 639 1596 uno
670 1553 712 1596 an
743 1530 782 1595 de
804 1552 837 1595 66
864 1538 897 1595 61
919 1530 958 1595 de
980 1531 1154 1596 Heliodoro
1178 1533 1293 1597 comite
1317 1532 1395 1597 seri·

162 1620 273 1702 pserit.
315 1619 381 1684 Sed
407 1639 471 1684 non
494 1619 589 1684 modo
617 1639 694 1683 usus
716 1618 840 1682 numeri
868 1617 951 1699 plur.
981 1618 1052 1683 1666
1082 1619 1235 1702 singular.
1258 1640 1394 1702 perraro

167 1705 253 1790 apud
264 1705 436 1772 Horatium
450 1707 611 1772 invenitur
626 1707 677 1794 (ut
692 1706 783 1788 epist.
800 1706 823 1785 l,
842 1707 891 1784 10,
906 1707 942 1769 1:
959 1705 1055 1771 Urbis
1068 1712 1245 1771 amatorem
1256 1707 1393 1771 Fuscum

164 1794 287 1860 salvere
307 1794 453 1859 iubemus
474 1793 570 1859 Ruris
592 1791 781 1880 amatores),
804 1791 860 1856 sed
882 1793 989 1872 6116111,
1013 1794 1164 1876 quoniam
1185 1793 1328 1877 proxime
1350 1791 1394 1858 de'

165 1881 281 1946 comite
302 1879 425 1946 1666161
445 1881 654 1960 mentionem,
687 1900 751 1944 non
774 1884 824 1944 est
845 1900 902 1942 cur
924 1879 1076 1945 hocloco
1100 1879 1138 1945 116
1160 1902 1224 1946 uno
1246 1881 1316 1964 ipso
1339 1901 1391 1945 co-

166 1967 310 2050 gitemus.
357 1968 570 2046 Quamobrem
601 1967 628 2031 si
651 1966 693 2030 ad
716 1966 796 2030 duos
818 1966 951 2031 verbum
975 1965 1169 2053 (divisimus)
1197 1966 1398 2034 referendum

167 2060 229 2134 est,
262 2054 343 2119 illud
370 2076 470 2138 supra
493 2053 676 2138 appositum
706 2052 919 2140 (Graecorum
946 2051 1040 2136 longe
1071 2052 1288 2142 doctissimus)
1319 2053 1398 2119 hoce

167 2140 290 2226 (ignavi
311 2141 490 2226 divisimus)
513 2163 577 2206 non
599 2141 703 2204 minus
726 2141 832 2204 166666
855 2139 976 2204 dictum
999 2161 1068 2206 6666
1090 2142 1206 2206 iterum
1228 2141 1396 2225 probatur.

166 2227 318 2310 Ignaviae
332 2251 417 2310 vero,
441 2249 503 2312 quo
527 2227 701 2312 opprobrio
723 2227 844 2291 homini
861 2227 1007 2292 Romano
1029 2228 1159 2312 gravius
1181 2248 1246 2293 nou
1267 2233 1398 2312 poterat

167 2315 279 2397 obiici,
313 2317 363 2382 vel
385 2337 419 2382 se
441 2316 491 2380 161
513 2318 651 2380 amicum
681 2334 834 2380 accusare
863 2314 981 2378 nemini
1002 2335 1042 2379 ne
1064 2336 1121 2396 per
1143 2316 1248 2381 iocum
1270 2315 1397 2398 quidem

165 2402 240 2468 licet
261 2402 323 2470 nisi
345 2403 409 2484 616,
444 2403 478 2466 in
500 2423 579 2485 quos
609 2401 756 2484 ignaviae
785 2401 942 2484 probrum
963 2401 1107 2484 profecto
1130 2403 1258 2467 minime
1280 2401 1395 2466 cadere

166 2489 250 2554 111161
266 2510 374 2556 omnes
390 2494 529 2556 constat.
561 2489 637 2554 Mox
647 2489 771 2571 ignavis
783 2487 894 2553 1661116
907 2493 1111 2571 opponuntur
1127 2489 1257 2554 altius
1275 2510 1395 2571 prae-

167 2576 319 2657 611611,
343 2578 435 2660 quasi
449 2577 639 2642 vestimento
653 2575 703 2640 vel
718 2575 871 2640 velocitas
886 2575 935 2640 vel
950 2575 1091 2641 tarditas
1107 2575 1264 2642 debeatur
1281 2597 1319 2640 66
1333 2597 1397 2641 161

166 2663 304 2729 Η616116
318 2664 490 2747 comitique
512 2663 644 2747 stipsis
668 2663 765 2727 altius
779 2661 971 2745 praecinctis
993 2663 1138 2728 incedere
1161 2663 1297 2728 licuerit.
1334 2663 1397 2728 Sed

166 2749 227 2816 hac
248 2751 451 2834 potissimum
473 2751 526 2816 via
548 2750 678 2832 egregia
700 2749 1019 2833 eumprocederent,
1044 2749 1120 2833 quid
1142 2749 1204 2815 1111
1225 2749 1312 2833 quod
1333 2751 1396 2815 iter

167 2836 371 2904 dividerent?
412 2837 510 2904 Haud
532 2839 597 2904 6616
620 2859 662 2902 61
683 2842 720 2903 11
743 2858 842 2919 supra
864 2836 930 2900 dixi
951 2858 1064 2902 cavere
1086 2837 1245 2902 voluerint
1266 2858 1306 2901 ne
1327 2858 1394 2902 ma-

167 2924 272 2990 turius
284 2946 381 3008 quam
392 2922 1014 3010 16666666666116111111661(11116611.)
1028 2923 1224 2992 advenirent.
1248 2924 1397 2990 06161111

167 3011 235 3094 ipse
254 3011 377 3076 fatetur
392 3016 491 3094 poeta
511 3012 648 3076 minus
667 3032 831 3094 gravem
850 3031 919 3075 6666
933 3011 1104 3094 Appiam
1125 3010 1269 3076 tardis.
1304 3010 1396 3088 Quod

166 3096 242 3180 quid
275 3098 337 3163 sibi
367 3099 445 3163 velit
472 3098 674 3164 vehementer
703 3097 898 3163 dissentiunt
927 3098 1128 3181 interpretes.
1174 3098 1237 3162 Alii
1257 3098 1395 3181 Appiam

164 3190 299 3267 propter
316 3207 450 3268 magnos
466 3186 580 3269 quibus
601 3191 727 3251 6111616
742 3190 813 3250 6161
832 3184 1073 3250 66111166111166
1087 3184 1211 3268 lapides
1226 3185 1394 3250 molestam

164 3271 272 3352 111666,
293 3273 349 3336 6111
364 3274 561 3356 aequalitate
577 3273 670 3356 quasi
685 3273 858 3356 campestri
872 3272 1015 3337 taedium
1029 3273 1165 3337 movisse
1181 3272 1392 3339 arbitrantur.

166 3357 237 3436 Qua
262 3358 301 3423 de
323 3380 359 3424 16
381 3362 532 3443 quoniam
554 3361 606 3424 vix
635 3360 715 3426 66116
737 3358 912 3443 quidquam
940 3364 1138 3443 compertum
1160 3365 1209 3424 est
1237 3359 1322 3442 quod
1348 3381 1396 3424 66-

164 3467 311 3528 quamur,
343 3450 474 3530 poetam
504 3446 590 3530 quod
621 3447 661 3512 de
682 3447 827 3530 qualibet
848 3447 900 3511 via
924 3446 986 3512 dici
1007 3447 1110 3529 possit
1139 3445 1178 3510 de
1209 3468 1273 3510 una
1295 3467 1395 3529 eaque

163 3533 321 3614 singulari
344 3534 458 3617 opinor
481 3534 635 3598 dicaciter
657 3534 823 3599 iudicasse.
868 3533 907 3597 In
928 3533 988 3598 hoc
1010 3534 1109 3618 igitur
1131 3535 1201 3615 ipso
1224 3532 1308 3616 quod
1331 3535 1395 3616 Ap—

165 3620 255 3700 piam
278 3622 384 3703 carpit
398 3621 482 3685 viam
504 3621 587 3685 ludit
573 3625 684 3704 ttpoii
686 3642 720 3700 a;
744 3620 837 3704 qnasi
857 3641 922 3684 non
945 3621 1046 3686 omnis
1066 3620 1225 3718 (quaevis)
1248 3621 1300 3684 via
1321 3641 1395 3718 gra-

161 3705 213 3770 vis
238 3707 281 3771 sit
301 3707 421 3772 tardis!
466 3707 624 3772 Nimirum
652 3730 692 3772 ne
714 3709 836 3860 Appiat
846 3706 975 3791 quidem
1004 3706 1121 3773 desinit
1149 3707 1293 3772 1166666
1323 3708 1393 3771 16

161 3792 267 3858 tardis
282 3794 428 3860 molesta.
468 3795 525 3859 Cet
512 3801 616 3859 terum
631 3798 738 3877 potita
761 3801 934 3878 postquam
949 3795 1112 3878 hucusque
1134 3793 1290 3859 66661111
1312 3814 1394 3876 quae

160 3901 330 3979 perpessus
354 3887 425 3946 erat
447 3881 587 3946 tradidit
611 3882 674 3969 (me
697 3884 821 3966 excepit
837 3886 902 3962 Ar,
925 3882 973 3949 rh.
991 3903 1069 3946 com.
1086 3881 1167 3961 Hel,
1190 3881 1313 3946 indeF.
1330 3879 1393 3966 A.,)

160 3967 220 4031 hoc
218 3969 374 4118 tprimum
389 3968 460 4032 loco
484 3968 584 4051 quid
575 3991 644 4051 ipse
659 3967 771 4034 1666111
757 3968 996 4034 tmemoriaet
982 3968 1093 4034 tradit.
1131 3932 1304 4033 Piimum
1295 3967 1395 4066 igitur

159 4053 193 4116 11
214 4053 330 4119 1111616
351 4055 518 4120 consilium
542 4057 627 4154 cepit
650 4055 849 4139 quiescendi,
881 4078 943 4140 quo
967 4077 1064 4139 quam
1085 4055 1190 4120 166616
1212 4076 1302 4120 suam
1325 4055 1394 4138 ipse

160 4139 310 4206 deriserit
331 4143 496 4224 pigritiam
519 4144 590 4241 quis
613 4163 677 4207 non
699 4143 882 4226 intellegit?
918 4143 1012 4208 Tant
988 4148 1014 4208 t1
1033 4149 1141 4208 autem
1163 4142 1243 4209 haec
1257 4164 1309 4208 res
1333 4149 1391 4223 est,

160 4233 205 4292 11
218 4227 313 4292 duo
305 4250 338 4292 1n
360 4249 399 4294 66
420 4250 531 4294 161616
560 4231 651 4312 eique
675 4229 763 4294 haud
785 4251 862 4295 sane
887 4231 998 4330 putidi·
1015 4236 1205 4297 consumant
1207 4252 1253 4296 11,
1299 4229 1391 4295 Nunc

161 4311 287 4379 demum
310 4315 352 4380 ad
375 4337 414 4381 66
436 4337 517 4399 quae
539 4317 616 4381 Fori
638 4318 721 4401 Appi
742 4316 890 4382 16111111
912 4317 1052 4384 61611666
1074 4317 1207 4383 reditur.

264 4401 307 4488 (v.
333 4405 376 4483 1.)
421 4403 497 4468 Η16
519 4410 787 4487 egopropter
810 4426 1028 4487 aquam
1059 4404 1391 4470 indicobellum

159 4485 223 4552 Tot
243 4489 399 4554 molestiis
421 4496 515 4557 exact
515 4491 552 4571 is,
576 4491 609 4556 in
629 4491 743 4573 quibus
767 4494 873 4558 nescio
896 4513 939 4558 an
954 4513 1026 4575 spes
1042 4493 1128 4575 epuli
1141 4492 1221 4558 laut
1198 4491 1290 4558 116116
1314 4513 1391 4558 non·
