3234 5054
681 299 771 364 1111,
790 295 815 364 1,
834 295 908 350 1-3.
1268 301 1272 319 ’
1388 285 1408 350 5

177 490 315 556 fortasse
346 489 375 554 si
403 489 454 554 cui
482 488 640 570 videatur,
672 488 808 554 Romam
830 487 943 554 urbem
972 489 1229 574 celeberrimam,
1259 493 1347 559 cuius
1370 493 1410 559 de

176 575 396 660 magnitudine
406 597 471 642 non
482 576 626 659 potuerit
636 575 788 656 dubitari,
812 575 971 642 attributo
988 576 1176 730 (magnag
1190 579 1327 661 laudari,
1338 581 1410 646 Ari-

176 664 258 730 ciam
273 663 414 746 ignobile
430 663 617 747 oppidulum
639 663 727 728 nullc
743 663 901 728 illustrari
917 662 1082 744 adiectivo,
1105 665 1140 731 in
1178 689 1215 732 oc
1230 668 1301 750 ipso
1320 667 1409 732 haud

174 749 344 816 mediocris
373 751 543 833 vestigium
574 750 716 817 cernitur
750 750 957 818 urbanitatis,
1013 751 1098 817 Nam
1123 759 1161 820 ut
1188 755 1222 820 in
1252 753 1408 821 adiectivo

177 835 362 926 (inagna)
386 837 578 903 desiderium
593 837 755 921 quoddam
771 837 875 902 elucet
889 837 965 918 eius,
990 839 1044 922 qui
1066 861 1138 904 cnm
1159 841 1245 908 vitae
1265 842 1411 908 urbanae

176 924 361 991 adsueverit
382 923 416 990 in
439 945 476 990 eo
499 931 549 990 est
571 932 608 990 ut
630 923 827 1008 aliquamdiu
848 925 934 991 vitae
957 925 1162 1008 elegantioris
1191 935 1303 994 careat
1325 951 1409 995 com-

174 1011 289 1093 modis,
311 1012 362 1078 ita
384 1012 494 1095 inopia
517 1012 661 1097 oppiduli
682 1034 722 1077 ne
744 1012 841 1077 uerbo
864 1010 991 1096 quidem
1013 1014 1202 1096 castigatur,
1230 1016 1326 1081 immo
1350 1015 1408 1082 ad-

174 1099 289 1164 iectivo
322 1099 397 1164 urbi
428 1099 550 1164 Romae
583 1099 732 1183 apposito
765 1098 1001 1184 quodammodo
1035 1107 1215 1168 excusatur.
1276 1102 1410 1187 Excepit

178 1193 286 1252 autem
302 1185 411 1252 Aricia
433 1186 622 1270 hospitio
644 1185 800 1251 modico
822 1189 961 1270 poetam,
983 1208 1076 1269 quem
1092 1188 1223 1254 hicnon
1237 1189 1331 1256 modo
1346 1211 1411 1256 non

178 1273 336 1339 acerrimo
353 1273 409 1339 sed
421 1274 588 1340 mitissimo
604 1293 698 1339 usum
709 1295 778 1338 esso
793 1272 910 1337 iudicio
923 1274 1075 1339 arbitror.
1106 1275 1226 1359 Nempe
1241 1298 1338 1360 quam
1353 1277 1411 1341 im-

174 1361 337 1443 patienter
351 1361 475 1426 itineris
490 1360 590 1426 ferret
603 1359 806 1426 incommoda
821 1380 893 1425 cum
908 1361 1008 1426 nollet
1024 1362 1188 1444 primodie
1203 1363 1409 1430 manifestum

176 1469 262 1527 esso,
291 1447 508 1530 indulgentius
530 1447 673 1513 iudicare
694 1448 809 1512 maluit
838 1451 935 1530 qu'arn
957 1449 1112 1514 acerbius.
1161 1451 1309 1516 Ceterum
1332 1473 1410 1535 quo-

176 1535 265 1599 niam
286 1556 351 1600 non
373 1556 437 1618 qua
460 1557 498 1600 ex
520 1541 615 1619 parte
637 1535 720 1600 male
743 1535 924 1601 consultum
939 1535 982 1602 sit
1003 1535 1134 1601 advenis
1157 1539 1208 1621 (ut
1227 1538 1328 1618 111111,
1350 1560 1408 1621 po-

176 1622 281 1701 tione,
309 1622 478 1705 epularum
500 1621 676 1708 apparatu)
703 1627 970 1687 commemoratur
993 1622 1049 1687 sed
1071 1623 1253 1690 universum
1275 1624 1410 1708 hospitii

177 1714 312 1774 notatur
334 1730 450 1792 genus,
474 1712 605 1792 po'e‘tam
627 1708 738 1791 copiae
760 1715 793 1774 et
815 1709 1034 1775 abundantiae
1057 1731 1165 1775 rerum
1186 1712 1290 1778 minus
1314 1733 1411 1795 quam

178 1795 358 1878 elegantiae
381 1803 414 1861 et
435 1796 613 1862 munditiae
643 1796 796 1861 tribuisse
820 1803 965 1880 apparet.
1012 1797 1082 1862 Hoc
1104 1799 1204 1881 igitur
1225 1800 1258 1864 in
1281 1799 1411 1864 exordio

178 1883 238 1948 etsi
259 1883 338 1946 nihil
359 1883 443 1948 inest
462 1884 607 1949 laetitiae
628 1883 677 1947 vel
693 1882 819 1948 ardoris
843 1884 950 1964 animi,
975 1891 1010 1949 at
1030 1889 1139 1950 tamen
1161 1907 1233 1952 cum
1247 1886 1407 1969 patientia

178 1974 276 2056 atque
298 1971 462 2053 aequitate
483 1976 521 2035 ut
542 1971 575 2035 in
589 1971 701 2035 iuvene
724 1970 895 2052 singulari,
918 1972 1015 2036 immo
1037 1993 1102 2036 non
1124 1973 1192 2038 sine
1206 1974 1315 2039 iocosa
1331 1995 1410 2057 qua-

178 2056 254 2121 dam
277 2057 374 2121 animi
396 2058 595 2137 temeritate,
627 2078 691 2140 qua
713 2057 913 2122 incommoda
941 2079 1043 2141 prope
1073 2059 1260 2141 invitantur,
1293 2062 1410 2144 quippe
1467 2091 1470 2100 «

178 2142 292 2226 quibus
315 2143 464 2228 querelae
486 2144 535 2209 vel
550 2145 771 2210 amarissimae
792 2150 979 2228 purgentur,
1003 2144 1157 2229 quidquid
1179 2146 1311 2213 fortuna
1337 2169 1408 2213 eve-

179 2230 246 2296 niet
268 2230 395 2297 videtur
416 2232 625 2297 toleraturus.

284 2317 373 2395 Quae
388 2325 564 2402 sequuntur
586 2318 758 2407 (rhetor
781 2339 912 2384 comes
928 2318 1203 2407 Heliodorus)
1226 2321 1412 2405 plerumque

178 2426 237 2489 pro
261 2406 449 2488 parenthesi
469 2405 639 2472 habentur.
683 2405 745 2470 Sed
767 2412 835 2470 tam
858 2406 963 2471 obiter
984 2427 1099 2471 nomen
1120 2413 1254 2490 tangere
1277 2409 1411 2489 comitis,
1461 2468 1464 2482 ,
1531 2402 1533 2410 ’

179 2493 325 2576 quamvis
346 2497 478 2575 poetam
499 2492 600 2559 libero
622 2494 656 2557 in
671 2492 732 2558 hoc
747 2513 863 2574 genere
884 2492 1041 2558 librorum
1065 2515 1209 2559 sermone
1231 2516 1324 2560 usum
1344 2517 1413 2562 esse

180 2583 319 2660 statuas,
343 2579 423 2645 adeo
444 2588 573 2646 nonest
594 2579 764 2660 urbanum,
788 2584 825 2644 ut
839 2580 873 2643 111
888 2579 1068 2661 Horatium,
1092 2581 1147 2665 qui
1161 2582 1273 2665 quanti
1287 2603 1413 2648 morum

179 2664 306 2731 duxth
328 2667 520 2750 elegantiam
542 2689 633 2732 nemo
655 2668 800 2750 ignorat,
823 2667 876 2729 111
896 2666 1044 2733 videatur
1066 2669 1242 2734 convenire.
1277 2669 1411 2736 Accedit

179 2753 265 2838 quod
286 2753 428 2819 eiusdem
449 2755 537 2819 nullo
560 2754 646 2819 infra
667 2755 737 2819 loco
761 2754 851 2840 (post
872 2776 899 2818 v.
923 2753 969 2840 5.)
992 2755 1113 2822 mentio
1134 2755 1281 2824 infertur.
1320 2757 1414 2834 Quae

179 2861 251 2906 cum
272 2841 321 2906 ita
343 2841 425 2921 sint,
459 2842 668 2908 Hehodorum
699 2862 763 2906 non
792 2863 851 2924 per
877 2847 982 2906 totum
1003 2843 1065 2907 iter
1096 2842 1152 2908 sed
1182 2865 1241 2926 per
1270 2843 1411 2928 aliquam

179 2933 315 3011 partem,
339 2929 508 2994 nonnullos
524 2928 591 2994 fere
606 2930 634 2994 si
650 2929 785 2994 multum
801 2929 958 2993 statuitur
975 2927 1053 3008 dies,
1075 2933 1207 3013 potitam
1222 2932 1410 2996 comitatum

180 3035 249 3080 esse
270 3017 424 3098 suspicor.
461 3015 551 3094 Quod
574 3017 664 3082 siita
682 3015 839 3095 sehabet,
862 3036 927 3079 non
942 3015 1074 3081 verbum
1098 3022 1210 3100 ,erat“
1234 3017 1283 3083 vel
1307 3017 1408 3100 ,lum

180 3099 237 3166 sed
260 3103 423 3186 ,excepit“
448 3102 702 3187 subiungendum
724 3123 793 3168 esse
821 3123 948 3182 censeo,
981 3110 1019 3168 ut
1048 3102 1128 3170 haec
1150 3105 1193 3170 sit
1224 3110 1410 3171 structura:

180 3209 342 3272 egressum
363 3229 406 3238 -
427 3213 477 3256 me
499 3191 623 3274 excepit
644 3191 765 3270 Aricia,
792 3189 867 3278 (ibi)
890 3189 1003 3254 rhetor
1024 3211 1129 3256 comes
1151 3192 1190 3258 H.
1217 3213 1259 3256 sc.
1283 3213 1334 3256 me
1357 3213 1411 3256 ex-

181 3269 283 3359 ce'pit;
319 3316 357 3325 -
381 3315 424 3326 -
454 3277 528 3343 inde
550 3279 670 3343 Forum
692 3277 776 3360 Appi
807 3299 849 3342 sc.
879 3297 929 3342 me
952 3278 1083 3361 excepit.
1143 3277 1205 3344 Sed
1226 3277 1293 3360 fac,
1329 3302 1356 3343 v.
1381 3282 1411 3346 2.

183 3367 295 3444 „erat“
326 3363 376 3430 vel
399 3364 510 3447 ,fuit“,
542 3387 607 3431 non
630 3366 793 3448 ,excepit“
826 3362 1039 3447 supplendum
1061 3385 1146 3445 esse3
1181 3365 1410 3448 nihilomagis

180 3450 389 3517 Heliodorum
411 3452 452 3519 ab
475 3452 556 3518 urbe
577 3453 680 3518 Roma
708 3473 766 3535 per
787 3457 892 3518 totum
913 3451 1038 3517 itineris
1061 3453 1201 3536 spatium
1223 3456 1339 3536 poetae
1365 3475 1413 3518 se·

182 3543 290 3602 cutum
312 3560 381 3606 esse
404 3539 605 3621 societatem,
639 3539 673 3604 id
695 3537 780 3624 quod
809 3538 880 3622 ipso
901 3559 1034 3614 numero
1057 3538 1112 3604 illo
1135 3540 1292 3622 singulari
1314 3539 1355 3626 (1.
1382 3541 1409 3605 1.

182 3646 199 3689 1
209 3625 420 3712 gressum)
441 3626 657 3710 redarguitur,
682 3632 929 3692 consentaneum
946 3631 1004 3690 est.
1038 3625 1128 3691 Idem
1143 3649 1216 3692 cum
1231 3626 1342 3692 rhetor
1357 3649 1413 3710 ap-

181 3712 332 3794 pellatur,
367 3720 474 3778 utrum
505 3714 546 3779 ab
575 3715 646 3779 aliis
677 3713 896 3796 distinguatur
919 3712 1102 3778 Heliodoris
1131 3735 1173 3778 an
1202 3714 1290 3779 velut
1318 3713 1413 3780 homo

181 3798 333 3864 laudetur
355 3801 550 3881 notissimus,
576 3801 714 3867 discerni
736 3800 855 3884 nequit.
903 3798 995 3876 Quod
1016 3805 1092 3866 utut
1113 3806 1179 3881 est,
1203 3822 1275 3866 cum
1295 3811 1414 3882 magna

183 3886 250 3950 sine
273 3885 369 3951 dubio
391 3888 552 3953 viatorum
572 3887 778 3954 multitudine
809 3892 949 3952 scateret
971 3888 1092 3971 Appia,
1124 3909 1217 3971 quem
1238 3891 1336 3971 po'e'ta
1357 3909 1414 3952 no-

181 3972 328 4037 minatim
357 3977 631 4057 commemoravit,
664 3997 736 4040 eum
766 3981 853 4039 certe
884 3973 1032 4040 comitem
1062 3974 1149 4040 haud
1170 3975 1262 4058 parvi
1285 3974 1413 4040 duxisse

181 4060 411 4127 existimandus
427 4067 484 4127 est.
521 4061 603 4139 Quid
619 4063 704 4146 quod
726 4060 810 4126 idem
833 4061 1088 4127 Graecorum
1109 4061 1229 4144 longo
1251 4060 1413 4127 doctis-

182 4146 305 4212 simus
328 4147 454 4214 dicitur.
489 4149 617 4216 Etenim
632 4149 748 4215 Graeci
763 4171 835 4214 cum
848 4149 996 4229 universi,
1020 4149 1048 4214 si
1066 4170 1138 4214 cum
1152 4149 1305 4214 Romanis
1328 4170 1412 4214 com-

181 4240 385 4316 ponerentur,
419 4235 566 4302 doctrina
595 4238 697 4302 multo
719 4236 903 4302 uiderentur
928 4242 1106 4319 praestare,
1139 4236 1193 4318 qui
1216 4235 1413 4301 Graecorum

181 4321 275 4404 longo
286 4320 449 4388 iudicatur
460 4321 673 4406 doctissimus,
691 4323 775 4409 quod
788 4345 860 4388 eum
871 4322 1037 4405 fastigium
1048 4323 1213 4389 doctrinae
1229 4329 1413 4388 assecutum

182 4427 251 4472 esse
280 4408 501 4475 censebimus?
549 4411 610 4477 Sed
641 4411 712 4478 vide
739 4432 778 4476 ne
804 4410 884 4476 haec
912 4410 1058 4476 laudatio
1090 4416 1159 4475 tam
1188 4411 1304 4475 eximia
1335 4409 1412 4493 quid

181 4493 304 4560 habeat
332 4497 541 4579 petulantiae.
585 4499 706 4582 Nempe
731 4499 886 4564 Horatius
917 4498 1056 4563 omnium
1079 4497 1275 4564 Graecorum
1306 4497 1411 4564 erudi-
