3234 5054
1290 257 1377 363 '15

136 481 242 547 fessus
265 487 324 563 est,
351 482 448 548 toties
472 483 555 548 arsit
578 483 746 548 desiderio.
791 482 957 548 Plotius
981 491 1019 548 et
1042 485 1190 550 Varius
1216 524 1254 534 -
1278 485 1375 550 ller-

137 570 265 652 gilius
275 590 371 719 que,
402 568 498 634 iidem
520 569 575 653 qui
599 569 665 636 Sat.
689 570 713 650 I,
739 572 788 650 10,
813 573 852 637 81
883 569 1075 651 laudantur,
1107 573 1237 636 tresviri
1260 577 1293 636 et
1314 573 1378 654 ipsi

137 662 175 721 ut
195 656 251 735 illi,
298 677 314 720 e
331 655 447 739 quibus
464 655 669 740 supradixit,
694 657 874 738 Maecenas,
899 657 1058 738 Cocceius,
1083 657 1198 741 Capito
1214 660 1376 738 Fonteius,

136 763 195 808 nec
225 743 329 808 minus
358 765 455 826 quam
485 743 554 827 ipse
576 743 733 808 Horatius
762 747 880 827 poetae
914 744 1006 831 (vera
1036 745 1118 810 enirn
1142 745 1286 811 amicitia
1309 767 1377 810 esse

136 851 202 895 non
224 835 334 913 potest
363 831 533 896 nisiinter
557 852 611 895 eos
635 831 690 914 qui
711 830 762 895 vel
784 831 942 895 communi
965 831 1105 914 quadam
1129 837 1216 897 sorte
1237 832 1288 896 vel
1311 839 1377 897 stu-

136 916 264 981 diorum
288 937 446 982 consensu
468 917 629 982 coniuncti
652 917 742 1002 sunt)
772 925 1003 983 occurrunt
1034 918 1112 1004 (non
1141 918 1267 983 obviam
1291 925 1375 999 eunt,

135 1002 194 1068 sed
223 1003 397 1087 improviso
429 1005 514 1070 obvii
541 1003 647 1092 fiunt).
708 1003 794 1081 Quos
825 1005 886 1070 etsi
916 1005 983 1069 veri
1012 1011 1148 1070 nonest
1176 1005 1278 1070 simile
1301 1027 1378 1070 casu

136 1091 372 1173 supervenisse,
403 1094 520 1173 poetae
542 1097 652 1156 tamen
674 1092 767 1174 quasi
790 1090 893 1156 adeo
916 1090 1059 1174 quodam
1085 1091 1147 1158 huc
1171 1091 1301 1157 deducti
1324 1113 1376 1156 oc-

136 1198 267 1242 currere
288 1176 447 1243 videntur.
494 1177 675 1243 Occurrunt
705 1183 813 1243 autem
844 1177 1092 1259 Sinuessam
1129 1179 1218 1244 locus
1242 1180 1311 1261 ipse
1334 1179 1375 1244 ob

135 1263 171 1327 id
194 1263 347 1347 quodibi
369 1263 487 1330 accidit
509 1272 623 1348 gratus
646 1270 696 1329 est
719 1286 757 1330 ac
778 1262 841 1329 loci
863 1266 988 1329 nomine
1010 1287 1062 1331 res
1084 1287 1180 1350 saepe
1202 1267 1235 1330 in
1257 1286 1375 1330 merno—

136 1350 221 1418 riam
250 1358 453 1417 revocantur.
499 1352 670 1416 Animae
700 1352 848 1434 quales
870 1390 922 1416 -.
979 1352 1032 1417 Ita
1061 1353 1145 1417 enim
1175 1351 1293 1435 gaudio
1324 1373 1376 1416 ex-

136 1437 241 1503 sultat
262 1441 370 1521 poeta,
400 1444 438 1503 ut
461 1440 522 1504 etsi
544 1459 609 1503 non
632 1438 734 1503 solum
756 1438 819 1520 ipsi
841 1438 898 1503 sed
920 1439 1018 1503 etiarn
1041 1440 1086 1503 eis
1109 1459 1244 1523 quorum
1269 1439 1377 1521 gratia

134 1525 217 1589 haec
239 1526 392 1591 scribitur
415 1526 519 1590 satira
542 1525 631 1590 haud
654 1530 730 1589 sunt
751 1525 871 1607 ignoti,
902 1524 979 1608 quid
1002 1525 1118 1592 debeat
1141 1527 1268 1606 amieis,
1300 1526 1377 1609 quid

134 1611 274 1677 maxime
296 1613 397 1678 ineis
420 1612 618 1695 diligendum
642 1611 929 1694 admirandumque
944 1613 995 1693 sit,
1018 1633 1083 1676 non
1098 1613 1203 1696 possit
1225 1634 1289 1677 non
1303 1633 1377 1694 pro-

133 1698 230 1763 fiteri.
275 1699 390 1782 Diligit
413 1705 521 1764 autem
546 1721 599 1764 eos
621 1720 686 1765 non
708 1705 843 1781 propter
864 1699 984 1781 ingenii
1007 1721 1140 1780 acumen
1161 1721 1219 1764 nec
1240 1707 1374 1782 propter

134 1784 246 1850 iudicii
268 1786 482 1852 subtilitatem
505 1808 563 1851 nec
585 1793 719 1870 propter
742 1786 868 1868 copiam
888 1787 1008 1850 artium
1031 1792 1063 1852 et
1086 1785 1298 1852 eruditionem
1321 1784 1377 1850 sed

134 1873 275 1937 omnium
297 1874 436 1955 primum
459 1873 500 1938 ob
524 1873 742 1938 sinceritatem
765 1872 1000 1956 candoremque
1023 1875 1217 1938 animorum:
1247 1894 1376 1954 neque

134 1958 407 2026 candidiores
430 1967 546 2025 terra
568 1960 679 2025 tulit.
726 1959 857 2024 Summa
879 1961 963 2024 enim
985 1983 1147 2044 quaeque,
1171 1981 1254 2043 quae
1277 1981 1375 2040 super

133 2047 279 2111 humana
301 2053 334 2112 et
354 2047 489 2112 humilia
511 2069 569 2112 nos
593 2047 768 2127 extollunt,
802 2067 900 2129 quam
930 2049 973 2111 sit
994 2049 1099 2112 brevis
1121 2048 1189 2112 vita
1216 2066 1375 2130 quamque

134 2132 259 2198 caduca
281 2155 351 2198 sors
373 2134 559 2199 mortalium
582 2133 754 2198 admonere
781 2154 839 2198 nos
861 2133 1018 2199 videntur.
1064 2133 1115 2199 Sic
1137 2154 1210 2199 cum
1232 2133 1271 2197 de
1295 2133 1373 2197 ami-

134 2221 214 2285 citia
235 2241 351 2304 magno
375 2222 431 2286 illo
453 2221 547 2300 bono
562 2221 680 2303 agitur,
715 2227 823 2285 terrae
846 2221 875 2284 ei
896 2221 1027 2287 huiusce
1051 2227 1209 2304 angustae
1231 2221 1265 2283 in
1287 2240 1375 2283 men-

132 2313 200 2371 tem
222 2309 309 2372 venit
330 2308 350 2371 i.
368 2329 394 2376 e.
417 2309 504 2373 vitae
526 2308 686 2373 humanae
709 2307 888 2373 brevitatis.
935 2308 1122 2391 Diliguntur
1144 2311 1252 2372 autern
1280 2306 1375 2370 amici

131 2415 199 2458 non
220 2401 354 2478 propter
373 2417 449 2460 suas
471 2400 600 2460 tanturn
615 2395 753 2460 virtutes
776 2393 946 2458 sedetiam
968 2400 1103 2478 propter
1119 2393 1232 2473 officia,
1257 2393 1373 2476 quibus

133 2481 254 2564 optime
277 2482 316 2546 de
337 2483 430 2550 nobis
452 2487 639 2546 meruerunt
669 2479 822 2566 (neque
855 2481 946 2563 quis
970 2502 1028 2545 me
1051 2482 1110 2546 sit
1140 2480 1375 2545 devinctior

134 2566 282 2654 alter).
326 2569 406 2634 Tam
428 2590 505 2633 roro
529 2568 703 2650 singularis
726 2569 783 2632 illa
805 2573 878 2632 erat
900 2568 1045 2647 laetitia,
1069 2574 1106 2632 ut
1127 2568 1199 2650 ipsa
1221 2565 1373 2632 recorda-

131 2655 221 2718 tione
244 2655 368 2719 animus
391 2659 507 2738 poetae
529 2655 746 2719 vehementius
769 2661 937 2719 moveatur
967 2677 1025 2720 nec
1046 2654 1140 2719 facile
1161 2655 1266 2737 possit
1287 2654 1372 2717 hunc

132 2741 238 2805 locum
267 2743 457 2824 relinquere.
504 2741 529 2806 Ο
561 2743 629 2824 qui
657 2741 891 2823 complexus
921 2747 957 2806 et
988 2741 1142 2824 gaudia
1170 2741 1229 2803 ——l
1282 2739 1373 2804 Gom-

130 2828 240 2911 plexui
262 2828 349 2911 quod
372 2828 523 2912 gandium
546 2829 763 2912 postponitur,
791 2825 926 2926 ὕστερον
948 2827 1108 2920 πρότερον
1129 2833 1238 2910 potest
1260 2826 1371 2890 videri.

132 2913 260 2979 Gaudio
284 2916 368 2979 enim
389 2915 490 2981 imbui
512 2921 587 2979 ante
610 2936 740 2979 necesse
763 2920 812 2978 est
834 2935 974 2994 annuos,
999 2935 1096 2997 quam
1118 2915 1151 2978 in
1173 2913 1373 2996 complexum

132 3000 296 3066 festinent.
332 3001 394 3066 Sed
417 3001 536 3084 gaudia
557 3002 589 3065 h.
606 3002 627 3065 l.
651 3022 743 3066 voces
760 3007 835 3066 sunt
857 3001 1074 3082 gaudentium.
1110 3000 1201 3076 Quod
1225 3001 1287 3064 etsi
1307 3021 1372 3064 non

132 3087 297 3167 concedis,
330 3109 403 3152 cum
425 3089 519 3153 amici
541 3094 731 3168 occurrunt,
762 3088 903 3151 omnium
924 3089 1063 3171 primum
1088 3088 1174 3152 inter
1196 3109 1265 3152 sese
1288 3107 1373 3152 com·

130 3174 328 3257 plectuntur,
351 3175 465 3240 deinde
489 3175 616 3238 demum
637 3174 714 3238 dum
736 3175 936 3238 sermonibus
952 3176 1116 3240 satiantur
1139 3194 1295 3238 summam
1318 3195 1372 3238 ca-

130 3262 226 3344 piunt
249 3262 429 3326 animorum
450 3263 659 3345 voluptatem.
706 3261 802 3326 Cuius
825 3267 933 3326 autem
955 3262 1154 3344 complexus,
1179 3261 1268 3324 cuius
1291 3259 1370 3323 dicit

131 3347 275 3430 gaudia?
321 3348 448 3414 Scilicet
470 3370 542 3428 sua,
565 3349 685 3431 inquis,
709 3349 877 3430 quoniam,
909 3349 936 3412 si
968 3349 1144 3412 amicorum
1169 3346 1372 3428 intellegeret

131 3433 262 3518 gaudia,
285 3434 383 3500 timeo
406 3457 446 3500 ne
462 3436 669 3517 arrogantius
684 3435 879 3517 loqueretur,
904 3436 997 3518 quasi
1011 3433 1180 3518 permagni
1203 3434 1244 3499 ab
1262 3433 1373 3498 amicis

131 3520 206 3586 duci
228 3521 291 3586 sibi
311 3522 483 3588 videretur.
522 3521 574 3587 Sic
595 3521 667 3586 vide
689 3543 730 3586 ne
753 3521 902 3586 subtilius
925 3521 1116 3586 indicaveris
1140 3541 1237 3603 quam
1253 3521 1371 3584 verius.

130 3609 167 3672 In
190 3608 333 3674 amicitia
362 3608 440 3692 quid
468 3608 566 3674 liceat
595 3607 736 3691 quidque
756 3609 892 3673 vetitum
915 3609 958 3673 sit
986 3615 1056 3673 tarn
1078 3607 1214 3672 sollicite
1236 3627 1301 3671 non
1326 3605 1373 3669 di-

132 3695 340 3778 stinguimus,
372 3695 429 3761 sed
450 3700 488 3760 ut
509 3696 571 3778 ipsi
593 3715 703 3759 amore
726 3695 820 3760 amici
843 3694 1050 3773 delectamur,
1077 3695 1124 3759 ita
1147 3715 1205 3758 nos
1230 3699 1262 3758 et
1283 3693 1372 3775 ipsos

132 3782 235 3846 amico
258 3789 371 3864 gratos
395 3804 464 3848 esse
494 3803 558 3846 non
581 3781 776 3847 dubitamus.
822 3782 967 3864 Denique
998 3803 1037 3846 ne
1060 3781 1109 3844 his
1137 3779 1266 3863 quidem
1298 3801 1372 3844 con-

130 3873 240 3933 tentus
263 3868 371 3934 addit:
405 3869 463 3933 nil
493 3889 565 3950 ego
597 3868 853 3933 contulerim
877 3907 925 3932 -.
971 3870 1039 3933 lam
1068 3888 1107 3930 ex
1130 3865 1248 3932 ardore
1270 3867 1374 3931 animi

131 3961 164 4020 et
195 3955 288 4038 quasi
317 3954 456 4020 elatione
491 3955 533 4020 ad
563 3955 821 4037 tranquilliorem
854 3954 1020 4020 descendit
1050 3954 1371 4037 contemplationem:

130 4041 338 4122 contulerim3
362 4042 486 4108 confert
503 4042 602 4125 igitur
624 4047 657 4106 et
672 4047 842 4126 comparat
855 4043 951 4124 plura
966 4063 1084 4124 genera
1100 4041 1267 4120 bonorum,
1294 4047 1377 4121 qu0-'

130 4149 203 4193 rnm
226 4129 328 4194 arnico
357 4129 481 4194 nullum
510 4129 730 4210 praestantius
754 4149 822 4193 esse
845 4129 1012 4211 intellegit.
1058 4127 1248 4192 lucundo
1273 4163 1312 4174 --
1338 4133 1374 4191 tu

131 4215 271 4280 fortasse
294 4216 469 4282 scriberes:
493 4214 589 4295 fideli,
614 4237 652 4280 ac
666 4221 754 4280 recte
775 4221 813 4279 tu
828 4215 964 4297 quidem.
1001 4213 1063 4279 Sed
1079 4214 1119 4279 de
1134 4213 1196 4278 fide
1212 4213 1371 4278 Horatius

131 4307 170 4366 ut
191 4323 299 4368 omnes
322 4303 390 4368 fere
411 4303 538 4367 iuvenes
561 4302 704 4366 nondum
726 4300 907 4367 dubitabat.
954 4301 1080 4381 Fidem,
1103 4301 1258 4366 virtutem
1280 4300 1370 4364 illam

131 4387 298 4471 usitatam,
321 4390 370 4454 vel
393 4411 414 4454 a
434 4389 533 4454 servis
556 4387 796 4472 requirendam,
820 4389 965 4471 ingenuis
989 4387 1250 4453 adulescentibus
1273 4387 1373 4450 incul-

130 4474 270 4542 candam
291 4498 356 4541 non
372 4497 440 4541 esse
463 4474 606 4542 credunt.
642 4475 705 4542 Sed
720 4474 876 4540 iucundus
897 4475 941 4540 sit
956 4477 1087 4554 amicus,
1111 4475 1198 4540 iuvet
1222 4475 1372 4560 animum,
