3234 5054
737 308 787 358 Sat.
806 308 826 369 I,
845 303 868 357 8.
1379 312 1420 374 41

178 491 333 557 Pantul.
365 512 486 556 scurr.
510 491 684 558 Noment.
709 513 789 574 nep.
828 492 939 556 Mille
963 493 1082 575 pedes
1114 495 1155 558 in
1177 495 1316 561 fronte
1339 503 1415 562 cett.

179 575 272 654 Quod
294 597 490 659 quamquam
520 578 783 660 inscriptionibus
815 579 857 665 (v.
882 581 1127 645 commentarios
1151 581 1246 646 adh.
1270 582 1306 668 l.)
1339 585 1419 648 satis

177 664 372 742 illustratur,
408 685 470 746 quo
502 663 635 728 consilio
665 665 694 728 h.
719 665 739 729 1.
773 664 895 732 <lictum
926 687 995 730 esse
1024 666 1173 732 videatur
1205 666 1337 734 dubium
1360 677 1418 735 est.

177 749 347 814 Enimvero
364 749 438 814 huic
454 752 620 816 contraria
637 758 712 815 sunt
735 751 865 817 decreto
889 773 971 834 qnae
987 759 1165 836 sequuntur
1187 776 1215 818 v.
1236 756 1290 820 14:
1315 755 1421 820 Nunc

179 837 288 901 licet
313 873 363 902 —.
410 836 517 918 Opera
540 843 663 917 autem,
698 838 812 920 quibus
846 838 1034 903 salubritati
1062 840 1125 904 loci
1156 841 1338 906 consultum
1361 849 1420 921 cst,

180 923 369 987 Maecenate
397 929 529 986 auctore
563 924 714 987 instituta
741 945 809 988 esse
843 924 995 1006 quoniam
1029 926 1114 991 inter
1147 947 1259 991 omnes
1280 934 1418 1007 constat,

178 1009 273 1073 huius
296 1007 453 1072 laudandi
475 1029 573 1073 cansa
596 1010 692 1074 hosce
711 1010 851 1074 insertos
869 1031 938 1075 esse
953 1033 1064 1076 versus
1088 1012 1246 1099 (14*16)
1270 1014 1421 1078 credibile

182 1101 241 1162 est.
276 1095 339 1159 Sed
362 1116 425 1177 quo
440 1095 573 1160 taudem
596 1095 729 1160 66131116
753 1118 773 1160 a
795 1118 822 1160 v.
841 1099 869 1162 8.
893 1099 984 1179 prior
998 1098 1061 1162 loci
1077 1099 1222 1163 condicio
1245 1107 1278 1164 et
1300 1103 1420 1182 species

178 1189 248 1246 tam
270 1183 399 1263 copiose
421 1181 636 1246 describitur?
674 1181 871 1264 Sepulcreta,
896 1184 1019 1265 opinor,
1044 1185 1214 1250 etiamtum
1236 1187 1418 1252 hominibus

180 1267 416 1349 superstitiosis
437 1268 705 1354 (quotusquisque
721 1276 830 1334 autem
849 1271 1072 1351 superstitioni
1088 1270 1216 1336 deditus
1232 1293 1296 1336 161
1312 1275 1420 1358 61611)

178 1353 342 1418 horrenda
357 1353 568 1432 videbantur;
593 1355 802 1436 quamobrem
816 1377 940 1437 megae,
965 1357 1135 1438 dequibus
1158 1371 1231 1421 mox
1247 1359 1343 1441 plura
1366 1381 1420 1423 ac-

178 1441 349 1521 cipiemus,
380 1440 429 1506 his
453 1442 656 1522 potissimum
683 1441 761 1505 locis
784 1442 1022 1506 incantationes
1045 1451 1078 1508 et
1100 1450 1208 1508 cetera
1231 1465 1331 1527 opera
1352 1467 1420 1510 ma-

179 1527 252 1608 gica
273 1527 442 1591 instituere
465 1527 614 1591 solebant
637 1534 695 1592 aut
717 1527 793 1610 quia
815 1528 893 1609 ipsis
916 1529 995 1593 locis
1015 1530 1079 1593 vim
1094 1530 1257 1610 quandam
1280 1531 1420 1595 divinam

179 1616 283 1676 inesse
305 1614 469 1695 putabant
492 1619 549 1677 aut
571 1634 634 1696 quo
657 1615 729 1695 plus
753 1614 834 1692 aliis,
859 1614 974 1696 quibus
990 1615 1124 1680 insidias
1143 1617 1322 1696 struebant,
1346 1618 1421 1682 hor-

178 1699 263 1762 roris
286 1699 477 1763 incuterent.
513 1699 583 1764 Has
606 1700 706 1782 igitur
728 1721 831 1782 nugas
847 1701 1003 1766 Horatius
1026 1703 1122 1783 plane
1138 1704 1262 1784 spernit
1285 1725 1323 1768 ac
1346 1727 1421 1770 con-

180 1785 305 1850 temnit.
340 1786 417 1848 Fuit
440 1786 524 1864 olim,
549 1786 663 1869 inquit,
686 1785 736 1850 bis
760 1786 838 1851 16613
862 1789 960 1852 servis
984 1791 1183 1870 miseraeque
1204 1790 1291 1870 plebi
1315 1792 1420 1872 sepul·

180 1877 305 1936 cretum
320 1873 409 1936 uelut
424 1873 605 1937 Pantolabo
621 1878 697 1936 cett.
731 1873 775 1936 Hi
790 1874 908 1952 miseri,
932 1875 986 1956 qui
1000 1875 1063 1938 vivi
1077 1897 1117 1938 ne
1132 1878 1277 1957 iugerum
1294 1876 1421 1958 quidem

176 1958 400 2039 possederant,
425 1958 477 2022 hic
500 1958 635 2040 denique
658 1960 747 2023 nacti
763 1965 838 2023 sunt
861 1961 1064 2042 aliquantum
1088 1963 1159 2042 agri
1183 1968 1214 2026 et
1238 1984 1276 2027 ea
1292 1963 1420 2044 quidem

176 2045 256 2126 lege,
282 2051 318 2107 nt
340 2046 373 2108 in
395 2052 587 2126 perpetuum
603 2065 713 2109 eorum
733 2053 879 2110 maneret
901 2068 978 2111 neve
1001 2054 1039 2111 ut
1060 2054 1169 2112 cetera
1184 2047 1270 2112 bona
1286 2049 1420 2114 heredes

179 2136 377 2212 sequeretur.
417 2131 536 2194 Verum
561 2132 720 2195 enimvero
742 2139 877 2195 -tam
898 2133 1032 2197 mobiles
1055 2133 1250 2216 fragilesque
1272 2157 1323 2199 res
1347 2142 1422 2200 sunt

176 2217 338 2281 humanae
370 2255 412 2265 —
442 2239 482 2282 ne
504 2217 538 2280 id
561 2217 688 2300 quidem
717 2217 881 2282 decretum
910 2226 1048 2284 nonest
1078 2221 1281 2302 abrogatum.
1328 2222 1420 2296 Quod

177 2303 261 2366 enim
285 2304 372 2367 salus
395 2303 525 2385 publica
549 2325 630 2386 quae
654 2325 778 2368 summa
794 2305 845 2368 lex
861 2311 912 2368 est
934 2307 1158 2387 postulaverat
1180 2313 1217 2370 ut
1240 2307 1356 2371 harum
1371 2330 1420 2372 re-

176 2389 308 2471 gionum
339 2391 561 2454 consuleretur
592 2390 797 2470 salubritati,
832 2414 917 2454 nunc
946 2391 1094 2456 effectum
1117 2399 1175 2457 est.
1222 2393 1272 2457 Sic
1301 2396 1354 2475 qui
1384 2401 1420 2458 ut

177 2475 312 2539 deorum
334 2476 503 2540 fabrorum
526 2475 658 2540 libidine
687 2475 849 2540 factorum
873 2477 1064 2558 dignitatem
1094 2480 1142 2543 ita
1166 2479 1419 2562 sepulcretorum

175 2562 241 2625 illis
264 2563 464 2644 temporibus
487 2562 801 2644 religiosissimorum
824 2567 948 2645 spernit
972 2566 1197 2644 sanctitatem,
1225 2588 1320 2648 quam
1345 2589 1419 2631 con-

177 2649 326 2728 temptim
357 2654 446 2712 artes
468 2649 550 2712 istas
573 2649 716 2730 magicas
747 2650 917 2713 mulierum
947 2651 1130 2732 despexisse
1158 2652 1321 2734 putandus
1351 2655 1417 2716 est!

176 2733 237 2810 Qui
265 2755 366 2816 neque
395 2736 553 2816 pristinae
583 2735 779 2799 condicionis
814 2737 969 2800 memoria
1005 2745 1148 2802 terretur
1182 2744 1216 2802 et
1239 2737 1328 2802 ‘nova
1357 2740 1419 2804 loci

176 2820 282 2902 specie
297 2821 451 2899 laetatur,
470 2843 542 2884 eum
560 2821 655 2884 credo
671 2822 841 2886 mulierum
855 2825 1054 2905 magicarum
1071 2832 1159 2888 artes
1175 2826 1417 2906 pertimescere!

176 2907 377 2988 Quamquam
394 2907 526 2970 deorum
542 2907 667 2972 deridet
684 2909 884 2990 dignitatem,
907 2911 1089 2992 sepulcreta
1112 2911 1174 2974 etsi
1189 2931 1254 2975 161
1270 2912 1419 2994 religiose

176 2992 255 3056 colit
277 2999 387 3056 tamen
409 3015 473 3057 non
496 2995 564 3056 3116
586 2995 808 3059 misericordia
832 2995 973 3078 quadam
994 2996 1122 3060 videtur
1148 2998 1315 3078 respicere.
1362 2999 1420 3061 Pe-

177 3079 314 3142 tulantis
339 3080 422 3142 enim
445 3087 530 3144 esset
554 3086 586 3144 et
608 3081 720 3144 lascivi
743 3081 890 3164 sepulcra
914 3082 1033 3146 derisui
1056 3083 1185 3146 habere.
1243 3083 1345 3148 Huius
1361 3085 1420 3146 mi-

175 3165 370 3230 sericordiae
393 3167 501 3248 plures
517 3167 580 3230 loci
595 3166 787 3231 documento
803 3175 894 3246 sunt;
918 3191 945 3232 v.
964 3171 1001 3234 8:
1026 3169 1088 3233 huc
1110 3169 1199 3250 prius
1224 3172 1418 3251 angustis

175 3251 232 3337 (sc.
258 3252 320 3314 vivi
344 3252 491 3334 angustis
514 3253 629 3317 inclusi
652 3254 757 3333 cellis,
785 3254 841 3319 ubi
865 3254 1087 3334 decesserant,
1111 3255 1174 3318 hnc
1197 3256 1342 3320 eiiciendi
1364 3257 1419 3320 1111

174 3359 252 3402 arca
276 3359 465 3403 accuservo
481 3339 637 3420 portandi
655 3340 882 3426 locabantur);
906 3347 991 3404 tum:
1015 3341 1194 3405 miserae
1217 3342 1335 3423 plebi
1357 3364 1418 3422 —3

173 3445 233 3488 nec
249 3431 409 3506 repugnat
431 3425 695 3506 interpretationi
710 3433 843 3490 nostrae
866 3449 892 3492 v.
912 3429 961 3491 11.
987 3425 1129 3514 (Pantul.
1148 3429 1217 3514 sc).
1252 3428 1312 3492 nsi
1335 3429 1419 3496 enim

175 3511 300 3591 generis
324 3509 491 3574 cuiusdam
514 3514 684 3592 poetarum
708 3513 853 3577 dulcibus
876 3514 995 3593 tristia,
1019 3514 1091 3577 ioca
1114 3515 1205 3578 361113
1226 3514 1414 3579 immiscere.

175 3596 243 3670 11116
266 3597 299 3659 11
322 3617 437 3678 genere
460 3596 633 3661 Horatium
655 3619 734 3676 esse,
759 3620 821 3680 quo
844 3619 944 3682 prope
967 3620 1060 3663 nemo
1081 3621 1223 3682 unquam
1245 3604 1418 3682 poetarum

174 3701 234 3744 nec
257 3683 408 3763 graviora
430 3704 489 3746 nec
511 3683 633 3747 leviora
655 3685 800 3749 versibus
823 3687 1048 3767 composuerit,
1072 3707 1137 3749 nou
1153 3693 1203 3750 est
1222 3687 1416 3768 ambiguum.

178 3766 265 3831 Satis
289 3767 396 3848 igitur,
419 3769 533 3852 inquit,
557 3771 629 3852 agri
643 3770 754 3852 inopes
777 3771 826 3834 illi
847 3772 899 3836 hic
914 3772 1112 3850 invenerunt,
1135 3793 1198 3854 quo
1221 3794 1261 3836 ne
1276 3795 1418 3855 unquam

175 3852 408 3918 fraudarentur
429 3855 498 3938 lege
522 3863 653 3920 cautum
669 3862 748 3921 erat.
785 3857 848 3921 Sed
863 3865 973 3923 tamen
988 3879 1072 3922 nunc
1086 3859 1163 3923 licet
1176 3897 1228 3922 —.
1260 3859 1417 3924 Nimirum

175 3940 209 4002 in
238 3945 334 4004 tanta
361 3941 491 4022 inopum
521 3943 650 4006 illorum
679 3943 901 4009 misericordia
929 3945 1031 4010 hauce
1060 3945 1122 4009 loci
1152 3945 1317 4008 meliorem
1348 3967 1418 4010 esse

179 4027 316 4108 speciem
339 4047 377 4090 ac
400 4027 617 4093 condicionem
639 4028 739 4094 libere
760 4029 884 4094 fatetur
908 4031 1174 4117 (salubribus
1196 4070 1240 4080 —-
1263 4052 1418 4113 aggere

174 4111 213 4175 in
236 4113 377 4194 aprico
401 4115 625 4201 spatiari).

278 4197 422 4263 Necdum
443 4204 553 4264 tamen
583 4202 690 4266 omnia
721 4202 839 4266 obruta
863 4209 957 4268 erant
987 4205 1186 4286 sepulcreta3
1221 4203 1295 4267 inde
1318 4203 1418 4286 igitur

175 4285 343 4350 etiamtum
364 4286 514 4350 mulieres
538 4307 612 4351 ossa
634 4289 739 4370 legere
763 4289 921 4355 solebant.
966 4290 1078 4374 Neque
1101 4312 1165 4354 una
1189 4296 1283 4354 nocte
1305 4289 1416 4354 furore

175 4372 332 4452 impulsae
355 4373 416 4436 huc
440 4373 566 4458 (semel)
590 4380 745 4438 venerunt
768 4375 824 4438 sed
846 4377 954 4440 venire
978 4383 1210 4441 consueverant
1240 4377 1417 4440 simulac

174 4477 276 4540 vaga
303 4459 412 4524 Luna
444 4464 519 4524 6611.
553 4460 605 4546 (66
627 4462 730 4544 magis
754 4482 838 4526 nunc
861 4462 977 4543 dignae
1000 4468 1076 4526 sunt
1098 4485 1181 4545 quae
1203 4466 1318 4544 poetae
1343 4485 1414 4528 car-

1177 4582 1193 4634 6
