3234 5054
639 305 689 354 Sat.
709 307 729 366 1,
748 299 773 366 5,
792 299 903 353 ee—eo.
1347 300 1388 363 21

142 518 215 561 non
237 497 339 560 multa
359 493 564 576 respondeat,
588 514 723 576 quorum
739 496 837 576 potita
853 492 1032 576 speciminis
1055 493 1160 559 instar
1174 511 1279 575 pauca
1297 489 1390 572 quasi

143 584 279 666 eclogas
302 581 475 646 memoriae
498 579 616 664 prodit.
662 581 767 664 Atque
789 580 928 664 primurn
951 582 1078 662 quaerit
1099 581 1158 660 M„
1184 578 1390 643 donasset

143 674 281 736 iamne
311 674 495 734 catenam
526 689 569 730 ex
597 675 691 734 voto
721 669 911 734 Laribus.
958 667 1046 744 Quae
1077 665 1289 750 interrogatio
1319 663 1390 728 vide

145 780 249 842 quam
273 755 436 822 subtiliter
458 755 642 837 excogitata
662 757 712 820 sit.
747 756 831 820 Nam
853 755 918 820 sive
933 761 1031 837 negat
1047 755 1089 837 S,
1113 755 1258 840 sequitur
1279 757 1316 816 ut
1338 773 1391 816 ca-

143 854 226 911 tena
242 845 424 908 etiamnunc
439 848 624 924 prematur;
648 843 712 908 sive
729 843 879 922 affirmat,
903 864 1029 908 servum
1045 865 1078 908 se
1095 843 1194 910 fuisse
1209 839 1389 905 confitetur.

149 934 202 997 De
226 936 342 996 catena
365 935 474 995 autem
496 930 624 993 etiamsi
646 931 725 994 nihil
744 931 902 995 traditum
917 931 961 994 sit
984 930 1040 995 sed
1056 932 1183 996 omnino
1199 951 1250 994 res
1273 926 1391 991 aMes-

150 1021 203 1085 sio
228 1017 374 1096 conficta,
398 1017 502 1099 ipsam
526 1017 648 1081 servitii
670 1017 921 1083 admonitionem
936 1017 1141 1083 Sarmentum
1163 1015 1250 1081 haud
1272 1013 1391 1078 medio-

156 1107 256 1171 criter
277 1103 490 1170 momordisse
513 1103 621 1186 liquet.
668 1105 728 1182 Qui
758 1127 829 1170 oum
852 1105 979 1170 scribae
1007 1105 1073 1170 iam
1096 1105 1230 1187 gestiret
1251 1121 1391 1181 munere,

155 1193 236 1256 nihil
266 1193 306 1256 cb
337 1213 409 1256 eam
432 1212 499 1255 rem
531 1192 677 1255 servituti
709 1193 860 1274 derogari
891 1192 1033 1256 docetur.
1081 1193 1149 1270 Quo
1178 1189 1258 1255 nihil
1286 1187 1393 1271 potuit

154 1280 303 1344 acerbius
333 1277 540 1362 pumilionem
569 1277 751 1362 profligare.
797 1280 906 1362 Neque
932 1278 966 1343 id
989 1277 1219 1362 interrogando
1249 1275 1328 1340 dicit
1349 1275 1391 1339 M.

154 1366 211 1432 sed
233 1366 419 1430 brevissime
441 1365 599 1431 monendo
631 1365 687 1453 (sc.
712 1367 837 1431 scribae
858 1387 988 1431 munere
1011 1387 1073 1450 quo
1096 1366 1233 1432 maxime
1256 1362 1394 1428 exsultet

153 1475 219 1518 non
241 1453 311 1518 fieri
333 1459 371 1517 ut
393 1452 540 1518 servituti
563 1453 630 1517 iure
654 1459 796 1518 exemtus
813 1452 997 1540 habeatur).
1034 1453 1122 1530 Quae
1137 1454 1245 1518 onmia
1268 1451 1295 1515 si
1317 1449 1393 1514 ficta

154 1546 280 1620 essent,
317 1547 353 1605 ut
383 1540 613 1622 interpretibus
644 1541 779 1620 videtur,
814 1563 891 1606 num
923 1541 1041 1606 acriter
1062 1561 1204 1626 pungere
1225 1539 1316 1604 illum
1337 1558 1393 1620 po-

154 1630 315 1694 tuerunt?
351 1627 552 1709 Quamquam
568 1626 771 1693 Heindorlius
795 1629 935 1692 scribam
948 1627 1018 1692 fieri
1037 1649 1128 1694 servo
1144 1632 1243 1710 negat
1256 1623 1392 1691 licuisse.

153 1715 248 1792 Quod
281 1713 321 1780 de
353 1713 460 1779 scriba
487 1714 616 1796 publico
646 1714 794 1780 concedo.
845 1716 888 1780 At
914 1714 1015 1794 idem,
1050 1715 1105 1797 qui
1135 1735 1248 1780 scurra
1277 1711 1394 1776 dicitur

154 1805 200 1888 (v.
225 1801 312 1888 52),
336 1823 412 1865 num
434 1801 562 1884 publice
584 1803 709 1867 scribae
731 1802 860 1868 functus
884 1803 926 1867 sit
948 1822 1096 1879 munere,
1119 1822 1314 1884 magnopere
1337 1797 1394 1862 du-

158 1891 236 1955 bito.
283 1890 435 1971 Superest
463 1895 500 1953 ut
523 1888 663 1953 scribam
685 1889 821 1953 hominis
844 1889 963 1973 privati
994 1889 1044 1974 (ut
1066 1887 1277 1974 Maecenatis)
1309 1909 1332 1950 e.
1357 1886 1394 1948 li-

157 1977 306 2042 brarium
327 1975 427 2040 fuisse
450 1976 675 2040 existimemus.
722 1977 870 2041 Ceterum
900 1977 960 2040 hoc
984 1976 1087 2041 altero
1111 1975 1251 2040 eiusdem
1264 1974 1395 2038 'satirae

156 2065 230 2128 loco
255 2063 433 2127 scribarum
455 2082 570 2127 nomen
592 2063 640 2128 ita
664 2069 849 2147 usurpatur,
872 2069 910 2128 ut
931 2066 1062 2147 poetam
1083 2062 1171 2128 haud
1186 2083 1264 2128 sane
1286 2059 1395 2142 magni

160 2171 215 2214 cos
237 2149 351 2215 fecisse
373 2149 605 2232 intellegamus.
640 2151 685 2214 At
699 2152 782 2214 enim
805 2151 944 2232 collegas
959 2150 1176 2233 perstringere
1198 2171 1262 2213 non
1278 2147 1394 2212 decuit.

163 2237 215 2301 Sic
238 2238 266 2300 si
287 2238 357 2320 quis
380 2237 549 2316 censuerit,
574 2237 661 2302 haud
684 2239 749 2303 scio
773 2259 815 2302 an
836 2238 931 2321 plura
954 2243 986 2302 et
1009 2237 1158 2322 graviora
1179 2240 1278 2319 potita
1300 2235 1328 2298 si
1341 2255 1395 2298 vo-

161 2325 276 2388 luisset
296 2325 330 2388 in
353 2322 492 2388 medium
514 2325 657 2406 potuerit
679 2324 811 2404 afferre,
843 2346 925 2408 quae
955 2324 1009 2407 qui
1038 2324 1141 2390 tacuit
1163 2324 1243 2388 satis
1266 2321 1395 2402 collegis

162 2410 335 2476 indulsisse
363 2409 554 2478 iudicandus
584 2416 641 2476 est.
687 2412 855 2477 Postremo
885 2418 981 2495 rogat
1002 2411 1043 2475 M.
1068 2412 1287 2488 Sarmentum,
1326 2429 1397 2472 cur

156 2519 340 2580 uuquam
360 2497 545 2580 fugisset
566 2537 608 2546 „.
638 2499 794 2580 gracili
816 2499 878 2562 sic
900 2503 1067 2581 tamque
1089 2497 1259 2580 pusillo.
1306 2493 1397 2571 Quod

149 2585 284 2648 ‘dictum
315 2605 382 2649 esse
415 2584 632 2649 misericordis
662 2585 797 2650 videtur.
847 2585 931 2650 Nam
961 2586 1022 2650 etsi
1050 2585 1168 2650 iterum
1199 2605 1236 2648 ac
1265 2583 1396 2649 tertium

159 2671 237 2753 fuga
262 2672 486 2754 exprobratur,
510 2693 574 2736 non
597 2673 664 2736 sine
686 2672 909 2738 benevolentia
924 2672 1065 2755 quadam
1084 2671 1220 2755 quaerit,
1245 2693 1301 2736 cur
1324 2690 1397 2752 gra-

159 2758 232 2823 cilis
255 2758 308 2823 ille
331 2781 369 2824 ac
391 2759 536 2842 pusillus,
560 2759 611 2824 cui
632 2759 795 2825 tantulum
817 2760 897 2824 satis
916 2758 1001 2824 foret
1016 2759 1087 2837 cibi,
1110 2757 1206 2842 fugae
1221 2756 1397 2839 susceperit

159 2845 248 2910 mala
264 2845 466 2929 laboresque,
490 2847 583 2929 quasi
598 2852 706 2929 roget:
729 2848 808 2912 heus
823 2853 869 2926 tu,
893 2868 958 2926 cur,
982 2846 1114 2926 miselle,
1138 2852 1189 2910 tot
1206 2845 1239 2908 in
1253 2843 1397 2928 pericula

157 2932 279 2997 ruisti?
324 2933 485 3010 Quantum
515 2939 548 2998 te
571 2934 792 2999 molestiarum
818 2955 1004 3017 perpessum
1027 2955 1096 2998 esse
1119 2932 1281 2998 censeam!
1326 2930 1397 2996 Uti-

158 3040 239 3082 nam
262 3025 322 3082 tua
345 3025 512 3085 contentus
535 3027 623 3085 sorte
646 3021 732 3085 domi
754 3021 917 3105 quiescere
937 3020 1122 3085 maluisses!
1161 3019 1254 3085 Hanc
1276 3018 1318 3083 ad
1340 3017 1397 3080 mi-

160 3105 375 3170 sericordiam
396 3106 507 3186 hostis,
531 3130 613 3191 quae
628 3130 693 3173 non
707 3130 840 3192 prorsus
856 3107 933 3173 ficta
955 3107 1011 3172 sed
1028 3107 1136 3192 aliqua
1152 3129 1189 3172 ex
1205 3111 1300 3190 parte
1321 3127 1398 3170 vera

159 3191 297 3272 videtur,
330 3193 516 3259 Sarmentus
548 3195 627 3259 nihil
655 3197 720 3260 iam
743 3196 842 3261 habet
875 3193 961 3278 quod
989 3193 1193 3278 respoudeat.
1239 3193 1397 3256 Nimirum

158 3301 257 3363 quem
281 3281 386 3345 nostri
408 3281 558 3346 miserere
580 3281 759 3363 videamus,
784 3305 856 3348 eum
877 3282 942 3346 telo
965 3288 1075 3365 petere
1097 3281 1184 3346 nullo
1206 3279 1301 3345 modo
1324 3301 1398 3362 pos-

157 3385 277 3432 sumus.
312 3369 381 3432 lam
401 3369 620 3436 animadverte
636 3391 732 3454 quam
748 3371 914 3452 eleganter
928 3377 1107 3452 pugnatum
1122 3369 1174 3433 sit.
1209 3368 1397 3451 Pygmaeus,

157 3455 215 3553 qui
236 3454 326 3536 prior
349 3455 412 3520 ciet
433 3476 575 3538 pugnam
598 3457 649 3544 (ut
664 3458 755 3540 pueri
779 3479 878 3539 supra
893 3479 920 3520 v.
939 3458 988 3521 12.
1010 3457 1133 3539 priores
1148 3456 1300 3537 ingerunt
1323 3475 1396 3520 con-

155 3541 249 3620 vicia,
274 3543 321 3606 ita
343 3542 530 3625 plerumque
550 3544 708 3609 lacessere
729 3543 913 3608 infirmioris
930 3543 1004 3630 est),
1027 3542 1232 3608 vehementer
1253 3543 1397 3607 invectus
1493 3551 1495 3556 ‘

158 3628 352 3712 gravissima
374 3629 505 3694 Herculi
528 3629 645 3714 infligit
667 3631 819 3710 vuluera3
843 3628 996 3695 Hercules
1020 3652 1122 3713 aequo
1145 3630 1268 3712 impetu
1291 3629 1398 3694 animo

158 3721 292 3796 excepto
315 3716 403 3780 nullo
426 3717 531 3781 utitur
553 3718 693 3782 convicio
717 3718 773 3782 sed
795 3718 881 3782 hosti
897 3739 1092 3801 quamquam
1115 3716 1229 3782 acerbe
1253 3715 1398 3780 nonnihil

158 3802 334 3884 respondet
365 3802 467 3868 eidem
496 3826 597 3886 prope
627 3805 852 3870 benevolenter
874 3805 1001 3868 videtur
1028 3805 1204 3869 consulere.
1251 3803 1302 3868 Sic
1324 3808 1397 3868 uter

156 3889 303 3971 superior
327 3911 366 3954 ex
388 3890 458 3954 acie
481 3890 630 3956 discedat
650 3892 703 3954 vix
726 3891 859 3956 dubium
881 3898 939 3958 est.

261 3975 322 4040 Sed
345 3983 455 4041 tamen
486 3999 568 4042 unus
597 3979 779 4044 etiamnunc
809 3999 866 4042 nos
894 3977 1021 4043 mordet
1054 3977 1232 4060 scrupulus.
1279 3976 1397 4042 Messio

154 4063 278 4127 homini
301 4068 370 4128 tam
393 4066 561 4149 tranquilli
584 4066 682 4130 animi
705 4071 738 4132 et
759 4087 861 4148 prope
884 4063 1004 4148 placidi
1027 4066 1081 4148 qui
1103 4065 1141 4130 fit
1162 4069 1199 4128 ut
1222 4083 1397 4147 cognomen

157 4150 202 4214 sit
225 4148 389 4214 Cicirrus?
426 4152 492 4217 Nec
507 4153 612 4218 minus
633 4153 752 4217 mirum
767 4153 928 4217 hominem
951 4157 1019 4217 tam
1035 4151 1166 4234 grandis
1181 4150 1305 4233 figurae
1328 4172 1398 4216 cor-

157 4236 246 4318 poris
270 4259 415 4302 scurram
437 4237 543 4304 fuisse.
590 4241 633 4304 At
656 4261 713 4305 cur
735 4241 788 4305 hic
810 4240 983 4323 praecipue
1013 4238 1146 4305 idoneus
1169 4239 1255 4302 visus
1279 4239 1321 4302 sit
1344 4239 1398 4320 qui

160 4344 293 4388 scurrae
316 4330 458 4390 sumeret
472 4333 593 4409 partes,
617 4328 683 4391 noli
707 4348 745 4392 ex
765 4349 816 4391 me
839 4347 994 4410 quaerere
1018 4326 1074 4391 sed
1097 4348 1135 4390 ex
1150 4325 1266 4390 Flacco
1289 4326 1397 4408 potins

157 4409 207 4473 vel
231 4432 269 4474 ex
289 4412 360 4494 ipso
378 4413 519 4477 Cocceio.
556 4414 616 4490 Qui
638 4414 778 4480 fortasse
800 4413 862 4478 tibi
884 4413 1103 4497 responderet,
1128 4433 1166 4477 ex
1186 4411 1286 4478 turba
1309 4434 1397 4476 seur-

155 4518 268 4562 rarum
292 4520 371 4581 quos
396 4500 546 4566 exhibere
568 4503 720 4584 potuerit,
744 4501 828 4566 hunc
850 4501 1052 4584 potissimum
1076 4521 1109 4566 se
1131 4500 1165 4564 in
1179 4498 1318 4564 medium
1341 4499 1397 4564 ad-
