3234 5054
217 289 236 354 8
540 349 543 358 .
711 288 762 338 Sat.
780 287 800 349 1,
818 281 843 351 5,
861 282 954 338 Ι1--10Ι

216 497 381 559 uunquam
395 475 494 542 fuerit
516 477 651 557 solacio,
674 476 825 543 ieiunium
846 476 1006 543 indicitur.
1047 476 1130 555 Quid
1144 478 1217 544 ita?
1253 477 1338 542 Num
1352 477 1446 559 forte,

215 564 271 630 ubi
293 563 451 646 fatigatus
474 563 611 644 advenit,
634 571 762 632 tantum
777 564 887 629 hausit
906 571 944 630 ut
966 566 1176 648 aegrotaret?
1212 566 1256 631 At
1269 565 1330 631 hoc
1344 581 1447 649 neque

215 649 430 716 continentiae
438 649 567 717 Horatii
582 651 684 717 simile
699 657 749 717 est
763 673 867 735 neque
883 652 916 716 in
928 652 1072 717 versibus
1087 651 1260 719 ullomodo
1275 652 1445 718 indicatur.

219 739 269 801 An
291 738 355 803 cibi
378 758 486 804 omnes
510 759 596 821 aqua
617 738 665 804 ita
687 747 781 804 erant
803 738 961 822 corrupti,
985 745 1022 805 ut
1037 745 1168 822 gustare
1190 760 1261 805 eum
1278 739 1446 806 taederet?

216 823 307 902 Quod
330 825 358 889 si
372 825 421 889 its.
436 831 529 905 esset,
552 825 749 891 delicatioris
767 825 881 891 ceteris
896 827 994 908 polita
1009 824 1132 892 fastidii
1147 825 1337 892 iudicandus
1352 826 1444 893 foret.
1533 897 1537 901 ,
1593 796 1599 847 ²

214 913 264 976 An
287 911 358 978 cibo
382 911 548 992 abstinuit,
572 933 634 996 quo
649 912 775 979 facilius
798 913 884 978 sitim
900 913 1080 979 toleraret?
1114 913 1197 979 Vero
1213 912 1247 978 id
1262 913 1389 996 quidem
1404 916 1445 979 si-

214 999 298 1078 mile,
322 998 458 1066 simodo
481 1021 537 1064 cur
553 999 690 1066 Horatio
713 1000 782 1065 sitis
805 999 907 1082 magis
930 1021 1027 1084 qnam
1050 1001 1165 1066 ceteris
1188 1000 1331 1066 timenda
1350 1001 1446 1068 fuerit

215 1085 431 1170 explicaveris.
466 1086 529 1152 Sed
548 1086 619 1152 vide
641 1109 717 1151 num
739 1088 784 1152 sio
806 1085 956 1152 facillime
978 1087 1063 1170 quod
1085 1088 1254 1171 quaeritur
1275 1088 1371 1153 bceat
1393 1109 1445 1153 ex-

213 1172 334 1256 pedire.
375 1171 523 1254 Comites,
546 1195 625 1256 quos
648 1195 751 1257 aquae
773 1173 928 1253 taederet,
951 1195 1074 1240 merum
1095 1181 1248 1258 poterant
1269 1175 1389 1254 bibere,
1412 1175 1446 1238 id

215 1259 301 1344 quod
323 1260 460 1325 Horatio
490 1261 589 1326 oculis
611 1261 775 1326 laboranti
804 1283 844 1326 ne
873 1261 994 1325 malum
1015 1262 1251 1344 ingravesceret
1280 1282 1345 1327 uon
1367 1263 1445 1327 item

213 1346 332 1412 licebat
356 1347 405 1497 gv.
427 1349 478 1414 30.
502 1349 555 1413 49.
586 1347 696 1412 Celsus
718 1347 776 1428 VI,
806 1351 826 1414 6
856 1347 952 1430 lippis
983 1349 1122 1431 quietem
1152 1355 1184 1415 et
1216 1348 1446 1416 abstinentiam

212 1454 355 1499 commen
379 1440 423 1500 at.
457 1455 485 1502 v.
501 1434 734 1518 Dillenburger.
756 1433 798 1500 ad
813 1456 841 1499 v.
858 1434 935 1585 49⁰f'
974 1436 1067 1500 Hanc
1083 1435 1223 1501 inediam
1238 1456 1335 1520 quam
1350 1457 1445 1520 aegre

212 1521 324 1586 tulerit
357 1542 419 1604 quo
449 1519 575 1587 facilius
608 1523 824 1606 intellegatur,
866 1521 986 1588 belum
1019 1545 1053 1588 se
1082 1524 1188 1588 ventri
1216 1523 1369 1588 indixisse
1399 1524 1446 1588 ait

214 1607 358 1694 (bellum,
381 1608 492 1691 inquo
514 1630 554 1674 ne
567 1609 705 1674 vincaris
729 1609 847 1674 acriter
862 1608 1077 1675 dimicandum
1099 1617 1196 1694 atque
1212 1611 1311 1676 etiam
1330 1611 1444 1694 capitis

211 1693 388 1778 periculum
410 1695 657 1784 subeunduml).
703 1694 795 1773 Quod
818 1701 981 1761 certamen
1003 1717 1066 1779 quo
1090 1698 1222 1780 gravius
1243 1696 1336 1762 fieret
1356 1697 1444 1762 nullo

211 1780 434 1864 perferendum
455 1781 518 1846 fuit
537 1783 622 1848 socio
646 1783 737 1870 (ego
755 1821 794 1830 -
811 1822 854 1831 -
868 1783 1042 1872 iudico).
1087 1784 1153 1850 Nec
1167 1783 1389 1850 fortitudinem
1404 1785 1445 1850 si-

211 1869 314 1934 mulat
335 1869 667 1953 tranquillitatemque
690 1870 805 1949 animi,
837 1891 934 1954 quam
963 1891 998 1936 se
1023 1871 1151 1936 minime
1173 1893 1318 1938 servasse
1347 1872 1447 1937 libere

212 1954 336 2022 fatetur
359 1955 577 2043 (cenantes
600 1955 709 2022 haud
731 1957 865 2022 animo
890 1979 1020 2041 aequo
1043 1964 1300 2041 exspectans
1323 1960 1445 2024 comi-

210 2043 307 2131 tes).
343 2045 386 2107 At
400 2044 556 2108 neminem
578 2043 683 2108 adhuc
697 2045 841 2109 novimus
864 2045 1012 2110 comitem
1034 2045 1097 2109 nisi
1111 2067 1210 2110 unum
1225 2045 1441 2112 Heliodorum.

210 2130 323 2212 Itaque
345 2132 400 2213 qui
421 2130 452 2194 h.
468 2131 489 2197 l.
514 2129 663 2196 dicuntur
685 2132 818 2196 comites
840 2153 861 2196 a
875 2131 1036 2215 plerisque
1057 2138 1215 2214 putantur
1237 2133 1268 2212 ii,
1292 2133 1347 2215 qui
1368 2153 1443 2197 mox

211 2216 344 2282 eandem
360 2238 431 2282 cum
445 2220 543 2300 polita
557 2217 686 2282 lintrem
701 2219 908 2283 conscensuri
921 2225 1004 2283 sunt.
1043 2218 1106 2283 Sed
1120 2218 1161 2283 ab
1174 2219 1245 2302 ipsa
1257 2217 1345 2284 Urbe
1359 2219 1447 2284 haud

211 2324 332 2388 pancos
354 2303 449 2369 credo
475 2305 537 2371 iter
558 2326 623 2369 una
645 2303 775 2386 fecisse,
811 2325 947 2388 quorum
979 2327 1056 2370 sane
1079 2306 1235 2370 neminem
1263 2309 1361 2390 po'eta
1384 2306 1446 2370 nisi

210 2412 309 2456 unum
342 2390 472 2475 dignum
499 2390 614 2457 habuit
644 2413 737 2476 quem
764 2392 954 2458 nominatim
985 2397 1261 2458 commemoraret.
1317 2393 1353 2457 In
1385 2415 1446 2457 usu

210 2484 392 2562 temporum
412 2479 528 2542 mirum
558 2477 643 2563 quod
674 2501 738 2544 non
760 2479 863 2546 solum
891 2501 997 2563 praes.
1028 2501 1089 2564 pro
1111 2479 1289 2563 praeterito
1312 2481 1444 2562 ponitur

212 2564 267 2629 sed
290 2566 388 2630 etiam
409 2566 576 2648 praeterit.
606 2587 666 2648 pro
692 2587 816 2648 praes:
847 2566 1005 2647 indico,
1037 2588 1101 2633 non
1131 2566 1287 2647 indixi,
1318 2604 1361 2615 -
1390 2566 1446 2632 sed

211 2673 253 2717 er
263 2651 520 2732 atdetcrrima,
544 2674 609 2717 non
631 2674 670 2717 es
681 2658 712 2731 t,
736 2654 867 2718 tametsi
884 2651 1074 2719 foeditatem
1089 2675 1193 2738 aquae
1207 2653 1293 2718 bello
1308 2653 1364 2717 illo
1379 2653 1445 2720 Ho-

210 2739 340 2803 ratiano
362 2739 538 2822 longiorem
571 2739 670 2804 fuisse
699 2741 913 2806 certissimum
940 2744 999 2806 est.
1045 2740 1173 2806 Scilicet
1203 2739 1281 2823 quid
1308 2739 1372 2822 ipsi
1400 2739 1445 2803 fe-

210 2825 345 2890 cerimus
380 2825 429 2890 vel
460 2825 565 2891 facere
595 2827 735 2890 animum
765 2827 982 2892 induxerimus
1012 2828 1115 2912 magis
1146 2827 1238 2894 nobis
1269 2847 1365 2909 quam
1391 2847 1444 2891 res

210 2913 321 2995 quales
340 2912 460 2977 fuerint
481 2913 515 2976 in
535 2919 688 2995 promptu
710 2921 767 2978 est.
814 2913 876 2979 Sed
898 2936 937 2980 ne
959 2915 1046 2998 quod
1068 2915 1169 2997 pluris
1193 2919 1243 2979 est
1265 2914 1443 2996 praeterire

210 2998 386 3079 videamur,
410 2998 486 3083 quid
501 2998 600 3064 fuerit
622 3022 678 3064 cur
699 3005 797 3083 potita
820 3009 934 3084 sponte
950 3003 1123 3067 sustineret
1144 3001 1301 3081 inediam,
1327 3001 1443 3066 iterum

210 3107 412 3168 quaeramus.
457 3085 541 3151 Num
563 3085 647 3152 forte
670 3092 738 3151 tam
761 3088 891 3170 gulosus
913 3088 989 3169 fuit,
1023 3095 1061 3153 ut
1090 3089 1197 3153 omnia
1225 3095 1355 3170 praeter
1386 3109 1442 3171 pa-

210 3194 324 3238 vonem
346 3173 577 3256 rhombumque
600 3173 786 3239 fastidiret?
819 3175 948 3240 Minime
970 3175 1003 3239 id
1026 3174 1161 3259 quidem.
1201 3174 1279 3239 Cum
1304 3179 1443 3258 potaret,

210 3260 321 3325 viliore
343 3261 407 3325 vini
429 3266 550 3342 genere
573 3260 614 3347 (c.
638 3261 668 3339 I,
692 3260 765 3346 20),
799 3283 871 3326 cum
898 3268 1045 3342 cenaret,
1080 3262 1193 3326 malvis
1223 3261 1442 3344 cichoreisque

210 3346 252 3432 (c.
274 3347 298 3426 Ι,
321 3347 379 3432 31)
402 3353 581 3426 contentus
605 3368 722 3430 aquam
744 3354 837 3413 cavet
859 3347 1060 3429 deteriorem,
1083 3370 1186 3432 aquae
1203 3348 1303 3430 igitur
1325 3348 1365 3413 de
1387 3368 1441 3430 ge-

209 3455 284 3498 nere
306 3433 454 3499 subtilius
476 3433 602 3498 videtur
623 3433 775 3514 iudicare,
799 3435 885 3518 quod
906 3435 1089 3516 fastidium,
1122 3436 1244 3518 opinor,
1267 3456 1306 3500 ne
1329 3435 1438 3518 cynico

211 3519 338 3603 quidem
359 3520 550 3604 philosopho
571 3521 693 3603 probro
716 3521 759 3586 sit
779 3522 976 3587 vertendum.

312 3607 375 3673 Sed
403 3608 547 3692 quamvis
576 3608 687 3691 iniquo
717 3609 823 3672 animo
855 3630 935 3674 cena
965 3610 1145 3689 abstineat,
1179 3608 1260 3674 caeli
1294 3607 1443 3673 nocturni

210 3695 406 3760 amoenitate
436 3694 640 3760 solitudinem
670 3695 864 3760 consolatur.
910 3696 992 3762 Hinc
1022 3718 1092 3762 cum
1122 3717 1194 3761 sero
1217 3695 1336 3761 Forum
1359 3695 1444 3778 Appi

210 3781 382 3846 adventum
399 3803 468 3847 esse
490 3788 657 3866 appareat,
681 3783 743 3847 iter
765 3788 802 3847 ut
824 3804 923 3866 supra
946 3783 1082 3848 diximus
1107 3782 1244 3848 divisum
1265 3804 1335 3848 esse
1358 3802 1442 3846 com-

208 3870 376 3952 probatur.
410 3868 494 3934 Iam
516 3890 580 3935 non
602 3868 717 3933 umbra
740 3869 804 3935 sive
825 3891 890 3934 nox
911 3870 1074 3936 inducitur
1097 3868 1271 3957 (passive),
1301 3866 1357 3933 sed
1380 3889 1443 3932 nox
1483 3871 1487 3875 ’

209 3958 280 4039 ipsa
301 3956 467 4036 umbram,
498 3976 691 4038 quamquam
712 3956 791 4020 nihil
814 3956 844 4021 h.
862 3957 882 4021 l.
906 3958 1041 4023 interest
1063 3957 1149 4021 inter
1171 3962 1297 4021 noctem
1320 3961 1352 4020 et
1374 3975 1442 4018 um-

210 4042 321 4124 bram,
352 4049 389 4108 ut
410 4043 577 4127 Neptunus
608 4043 692 4108 mari
719 4049 866 4126 praeest,
901 4045 961 4123 sic,
995 4044 1142 4126 inquam,
1176 4064 1256 4107 nox
1277 4041 1442 4108 umbras

211 4129 307 4280 finum.
324 4131 406 4213 plur.
423 4130 516 4213 quasi
531 4130 610 4209 alas,
634 4131 750 4214 quibus
767 4137 871 4196 mater
886 4131 992 4213 pullos
1007 4129 1107 4216 fovet)
1123 4131 1162 4195 in
1173 4130 1319 4194 ducere
1335 4128 1444 4216 (quasi

227 4223 356 4283 omenta
377 4216 542 4303 membris)
572 4223 700 4300 parat
730 4218 831 4300 (velut
853 4217 985 4282 consilio
1008 4217 1118 4305 capto)
1145 4217 1275 4282 terris
1309 4255 1352 4264 --
1378 4235 1443 4280 non

208 4309 342 4390 propter
363 4326 397 4369 se
411 4325 509 4369 unum
525 4303 645 4388 gaudet
658 4307 757 4387 poeta
772 4303 836 4368 diei
851 4312 976 4369 aestum
998 4305 1101 4370 noctis
1116 4303 1302 4388 refrigerari
1315 4302 1441 4382 umbra,

210 4413 274 4475 qua
297 4392 442 4457 omnibus
465 4390 683 4456 animantibus
706 4389 838 4456 defessis
862 4398 960 4475 atque
981 4392 1059 4476 ipsis
1081 4391 1178 4456 terris
1204 4390 1293 4474 quies
1316 4389 1443 4454 affletur

209 4499 248 4544 ac
270 4479 433 4546 solacium.
480 4476 613 4544 Accedit
635 4477 722 4561 quod
744 4483 849 4543 mater
871 4478 1018 4563 benigna,
1041 4499 1124 4561 quae
1145 4498 1210 4543 non
1232 4477 1335 4542 solum
1356 4475 1443 4542 fovet
