3234 5054
630 311 681 362 111,
699 313 720 374 1,
739 308 764 374 1,
783 307 893 360 29-34.
1339 311 1379 374 13

138 498 335 564 Maecenatis
360 496 517 563 adventus
540 498 634 581 longe
655 499 757 581 pluris
780 499 993 565 videturesse
1015 519 1113 584 quam
1136 500 1244 566 omnia
1266 522 1377 584 quam-

138 585 184 650 vis
207 583 346 668 grandia
368 606 451 670 quae
473 584 625 650 Brundisi
655 586 852 652 absolvenda
879 593 974 652 erunt
1003 587 1222 674 (venturus
1254 586 1376 674 erat).

138 672 175 737 ln
197 693 259 755 quo
283 672 426 737 incertus
449 693 519 736 sum
541 672 695 756 numquid
718 672 848 738 subesse
871 695 1019 739 censeam
1041 675 1173 739 ironiae.

241 758 304 823 Sed
332 758 488 824 Horatius
519 781 591 823 cum
621 759 794 824 adventum
823 760 965 825 virorum
995 761 1169 826 illustrium
1203 767 1376 844 exspectet,

137 844 297 929 quomodo
319 844 356 910 fit
384 850 422 909 ut
445 844 521 910 dum
552 867 644 910 suum
667 852 760 911 curat
783 867 899 930 corpus
932 848 1059 914 abillis
1090 849 1270 930 imparatus
1292 849 1378 913 inve-

137 933 271 999 niatur?
309 931 457 996 Omnium
480 933 619 1016 primum
643 933 863 999 animadverte
886 933 947 999 hoc
971 934 1097 999 demum
1120 935 1190 999 loco
1213 934 1379 1018 lippitudi-

136 1043 210 1084 nem
229 1019 486 1099 commemorari,
511 1041 594 1102 quae
610 1042 706 1103 quam
722 1021 829 1103 gravis
845 1021 943 1086 fuerit
958 1027 1051 1086 nocte
1067 1022 1223 1105 imprimis
1241 1021 1379 1087 insomni

137 1108 209 1190 ipso
232 1107 281 1170 vel
305 1105 529 1171 dissimulante
550 1110 648 1189 poeta
670 1129 762 1172 nemo
785 1129 849 1172 non
872 1107 1039 1191 intellegit.
1082 1107 1204 1172 Deinde
1227 1109 1301 1172 illos
1325 1129 1378 1172 ex-

138 1194 338 1277 spectatione
359 1193 519 1258 maturius
543 1193 709 1258 advenisse
732 1195 801 1278 ipse
823 1194 932 1260 docet:
963 1195 1029 1260 hic
1053 1196 1186 1260 oculis
1217 1233 1260 1243 -
1286 1195 1378 1273 illi-

137 1302 233 1345 nere
257 1277 356 1366 (infin.
380 1279 518 1367 histor.).
557 1281 727 1345 Interea
749 1319 801 1345 —.
839 1281 967 1346 Scilicet
988 1282 1125 1346 illinenti
1149 1282 1377 1365 superveniunt

137 1367 184 1432 illi
205 1372 243 1431 ut
265 1365 429 1431 salutandi
452 1367 688 1450 excusandique
710 1389 809 1433 causa
831 1389 941 1434 vocem
962 1369 1014 1432 111
1030 1375 1128 1450 queat
1144 1368 1246 1434 edere.
1284 1368 1376 1446 Quod

138 1475 236 1538 quam
263 1453 367 1535 lepide
390 1455 608 1536 excogitatum
638 1475 884 1538 expressumque
908 1456 964 1536 sit,
1000 1455 1056 1520 alii
1089 1457 1141 1542 (ut
1163 1455 1376 1540 Fritzschius)
1448 1481 1451 1488 ⁴

137 1545 340 1606 monuerunt.
383 1539 455 1620 Sed,
479 1541 542 1605 nisi
564 1540 669 1620 fallor,
694 1563 730 1605 eo
753 1542 957 1624 potissimum
972 1542 1128 1606 Horatius
1151 1543 1284 1607 consilio
1308 1564 1378 1608 001-
1479 1563 1480 1568 ’

138 1650 199 1710 pus
222 1627 351 1692 curavit
370 1625 390 1692 i.
407 1648 433 1694 e.
457 1627 591 1710 collyria
613 1629 714 1692 illevit
736 1628 845 1708 oculis,
868 1650 907 1692 ne
930 1629 991 1692 viri
1009 1629 1151 1694 illustres
1175 1629 1281 1712 specie
1302 1629 1377 1694 hor-

137 1721 234 1780 reant
265 1713 430 1778 oculorum
461 1716 659 1782 taeterrima.
706 1714 774 1791 Quo
805 1737 870 1780 non
893 1716 996 1779 solum
1028 1715 1113 1799 quod
1136 1716 1284 1781 voluerat
1312 1739 1378 1780 non

140 1808 189 1867 est
212 1807 401 1866 consecutus
434 1800 490 1864 sed
512 1800 606 1884 longe
628 1801 753 1866 foedior
784 1801 939 1885 adspectu
961 1805 1072 1868 evasit.
1119 1803 1256 1868 Advenit
1278 1803 1377 1886 igitur

138 1888 243 1968 1.,0.
268 1894 365 1970 atque
387 1894 519 1969 praeter
542 1887 601 1953 hos
624 1910 703 1970 quos
728 1895 971 1971 exspectaverat
987 1889 1143 1971 Capito
1158 1890 1376 1955 Fonteius.

137 1975 201 2055 Illi,
232 1975 348 2058 quippe
378 1974 432 2055 qui
455 1975 576 2056 cogniti
598 1975 663 2039 sint
686 1975 879 2056 legentibus,
906 1976 996 2040 nulla
1019 1981 1240 2040 memorantur
1263 1975 1375 2056 laude,

138 2062 190 2128 hic
213 2061 301 2126 cuius
329 2080 414 2124 nunc
435 2061 575 2144 primurn
603 2061 639 2126 fit
662 2060 781 2126 mentio
810 2063 858 2126 ita
880 2061 1052 2141 inducitur,
1084 2067 1121 2126 ut
1150 2062 1255 2146 qualis
1280 2063 1378 2128 fuerit

139 2148 251 2231 paucis
274 2147 493 2213 adumbretur.
539 2146 593 2212 Ad
616 2169 786 2230 unguem
808 2148 949 2214 lactus
972 2149 1101 2214 homo.
1149 2148 1240 2226 Quod
1266 2171 1377 2232 quarn-

139 2257 236 2318 quam
257 2235 365 2317 potius
389 2233 428 2297 de
447 2236 591 2317 001110111
607 2235 722 2312 habitu
738 2241 770 2300 01
785 2236 890 2318 specie
905 2235 1031 2301 videtur
1054 2235 1117 2300 11101
1140 2235 1248 2324 (10110
1268 2242 1376 2301 autem

139 2323 257 2404 magis,
282 2320 393 2399 credo,
416 2325 546 2404 potitam
569 2323 619 2386 sui
640 2322 801 2404 paenituit
824 2323 888 2387 oris
912 2321 1112 2407 adspectus),
1144 2329 1254 2388 tamen
1279 2323 1377 2388 latius

137 2415 250 2492 patere
273 2413 403 2473 nonest
425 2407 565 2473 dubium.
600 2409 719 2491 Nempe
734 2409 830 2474 homo
845 2415 914 2474 tam
927 2411 1048 2493 politus
1071 2410 1279 2492 singulariter
1305 2415 1376 2474 erat

138 2494 282 2576 idoneus,
305 2494 421 2578 quide
444 2495 586 2560 amicitia
609 2517 796 2562 aversorum
818 2501 929 2578 ageret
950 2495 1160 2561 restituenda.
1196 2497 1268 2561 Huc
1292 2497 1375 2561 enim

140 2588 288 2665 spectare
309 2584 438 2664 poetam
461 2604 500 2646 ex
523 2582 567 2646 eis
590 2603 672 2665 quae
695 2588 873 2665 sequuntur
895 2581 1100 2648 manifestum
1124 2589 1181 2647 est.
1220 2583 1377 2648 Antoni

138 2691 215 2734 non
244 2674 284 2733 ut
313 2669 443 2750 magis
474 2668 587 2733 alter
618 2669 785 2734 amicus.
838 2668 987 2735 Cocceius
1019 2671 1121 2749 enim,
1157 2669 1211 2753 qui
1243 2675 1276 2734 et
1307 2671 1376 2754 ipse

139 2778 167 2820 0.
190 2757 242 2820 40.
266 2777 425 2820 unacum
440 2755 627 2821 Maecenate
650 2763 682 2821 et
704 2756 846 2820 Pollione
876 2757 1053 2822 amicitiam
1076 2777 1262 2821 aversorum
1284 2766 1377 2838 repa-

137 2849 285 2923 raverat,
321 2842 361 2907 ob
384 2841 418 2905 id
440 2843 546 2925 ipsum
567 2843 657 2926 pacis
680 2849 713 2907 et
734 2842 925 2908 concordiae
954 2864 1018 2909 non
1039 2842 1144 2907 minus
1167 2864 1265 2925 quam
1290 2843 1377 2908 Mae-

139 2950 234 2994 cenas
250 2929 414 2994 studiosus
437 2929 613 2994 censendus
629 2935 687 2994 est.
725 2931 794 2994 Iam
809 2951 885 2994 vero
902 2930 1016 3012 Capito
1032 2930 1195 2994 inducitur
1214 2931 1377 3008 Fonteius,

139 3037 232 3099 quem
254 3016 474 3098 gratissimum
496 3037 565 3080 esse
587 3017 726 3083 Antonio
749 3022 887 3083 constat.
930 3016 1019 3082 Idem
1041 3017 1194 3098 quoniam
1218 3038 1285 3081 una
1307 3039 1379 3082 cum

139 3102 327 3168 Maecenate
358 3109 390 3167 et
422 3103 552 3168 Cocceio
588 3103 730 3184 advenit,
769 3108 943 3186 postquam
971 3104 1056 3168 inter
1086 3104 1182 3169 hosce
1226 3103 1380 3168 tresviros

138 3189 277 3276 (legatos
300 3189 387 3275 dico)
411 3191 566 3270 convenit,
589 3189 658 3254 fore
679 3196 716 3255 ut
737 3191 821 3254 iuter
844 3192 930 3273 ipsos
950 3191 1112 3273 principes
1136 3188 1174 3254 de
1198 3212 1279 3273 pace
1306 3211 1380 3255 oon-

138 3277 248 3340 veniat
269 3274 413 3342 dubitari
435 3277 522 3341 nullo
543 3277 639 3342 modo
661 3282 779 3360 potest.
816 3276 867 3342 Sic
888 3280 995 3360 poeta,
1020 3278 1074 3360 qui
1097 3277 1206 3341 omnia
1229 3298 1314 3360 quae
1338 3275 1381 3341 ad

138 3363 370 3445 rempublicam
392 3361 539 3428 adtinent
561 3365 689 3428 minime
711 3385 826 3428 curare
848 3364 1005 3444 videatur,
1034 3385 1132 3448 quam
1154 3364 1312 3429 sollicitus
1337 3365 1378 3428 ti-

139 3457 227 3514 meat
248 3450 386 3533 patriae,
411 3451 523 3518 elucet.

242 3537 313 3601 Iam
335 3536 375 3602 de
397 3536 520 3602 dierum
543 3537 758 3619 descriptione
781 3537 924 3603 dubitari
946 3542 1064 3620 potest,
1089 3544 1199 3603 utrum
1221 3543 1259 3602 ut
1274 3537 1379 3620 primo

140 3622 191 3687 die
214 3624 349 3704 Ariciae,
375 3623 478 3689 altero
501 3624 577 3689 Fori
600 3624 693 3706 Appi,
718 3625 763 3689 sic
785 3625 882 3689 tertio
905 3624 1102 3688 Tarracinae
1126 3645 1168 3688 an
1191 3623 1312 3688 Fundis
1336 3644 1379 3687 01

139 3711 275 3774 Formiis
298 3716 524 3792 pernoctatum
547 3711 598 3775 sit.
641 3710 798 3787 Quoniam
821 3716 929 3776 autem
952 3712 1038 3777 01100
1060 3710 1227 3774 meridiem
1252 3710 1380 3775 demum

139 3797 251 3860 Anxur
277 3797 451 3863 adventum
472 3805 538 3877 est,
570 3796 681 3862 eodem
704 3797 833 3862 eosdem
855 3797 906 3863 die
936 3799 977 3864 25
1001 3820 1042 3862 m.
1066 3820 1095 3880 p.
1131 3797 1166 3884 (5
1189 3818 1231 3864 m.
1256 3797 1379 3882 geogr.)

138 3889 215 3966 post
237 3883 401 3949 meridiem
432 3905 576 3949 emensos
601 3905 670 3948 0110
698 3906 763 3949 non
791 3891 841 3948 est
870 3884 1030 3950 credibile.
1077 3883 1198 3948 Fundis
1224 3905 1290 3948 non
1312 3905 1382 3948 esse

139 3976 365 4052 pernoctatum
387 3978 561 4054 propterea
584 3971 736 4051 arbitror,
760 3973 836 4054 quia
857 3972 961 4036 minus
983 3973 1077 4054 longe
1092 3971 1242 4035 Formiae
1259 3993 1279 4036 0
1297 3971 1380 4034 Fun-

140 4057 190 4120 dis
206 4057 334 4138 absunt,
359 4078 534 4142 quamquo
550 4058 656 4123 lassi
677 4057 720 4142 (v.
737 4059 793 4142 37)
809 4057 883 4122 inde
899 4057 1050 4122 advenire
1066 4057 1225 4122 dicantur.
1264 4057 1380 4132 Quam-

140 4143 252 4208 obrem
275 4144 472 4210 Tarracinae
495 4145 556 4210 hoc
580 4144 630 4208 die
653 4144 835 4210 substitisse
858 4144 1063 4211 existimandi
1085 4150 1168 4208 sunt.
1211 4143 1380 4209 Fundos

140 4229 238 4295 fuisse
254 4231 502 4314 praefecturam,
526 4231 679 4297 honorem
703 4231 802 4314 igitur
823 4233 986 4315 praetoris
1010 4231 1050 4298 ab
1067 4230 1193 4312 Aufidio
1216 4231 1378 4296 immerito

142 4319 290 4400 arrogari
312 4318 445 4383 dubium
467 4340 531 4384 non
554 4325 603 4384 est
626 4317 669 4405 (v.
692 4317 780 4382 locos
804 4318 890 4401 apud
913 4319 1078 4403 Dillenb.).
1118 4317 1179 4394 Qui
1201 4339 1298 4402 quam
1322 4318 1380 4380 im·

140 4411 278 4484 portune
299 4405 376 4470 viris
398 4406 580 4471 illustribus
604 4427 672 4470 sese
695 4403 882 4485 obtruserit,
907 4427 945 4470 ex
968 4427 1005 4470 eo
1020 4406 1090 4489 ipso
1114 4405 1189 4469 11001
1212 4403 1380 4487 suspicari,

141 4490 227 4573 quod
249 4492 407 4558 Horatius
437 4491 600 4557 Aufidio
630 4493 762 4557 Lusco
791 4498 993 4575 praetore
1024 4490 1153 4556 Fundos
1184 4513 1218 4556 se
1249 4491 1379 4574 liquisse
