3234 5054
249 295 292 361 26
740 295 792 348 Sat.
811 297 832 360 Ι,
850 292 875 360 5,
894 293 1004 349 94-98,

249 492 394 551 veterum
417 485 512 550 disce.
559 483 707 550 Ceterum
729 484 845 551 Varius
868 491 1010 552 maestus
1033 492 1099 568 est,
1134 485 1213 552 flent
1242 487 1382 553 comites.
1429 487 1498 552 Est

250 573 334 637 enim
357 571 478 672 abituri
500 571 662 638 moderari
685 572 882 655 maestitiae,
912 575 1146 640 remanentium
1169 574 1300 640 liberius
1322 573 1497 660 indulgere

249 680 397 726 maerori.
1097 719 1105 730 .

352 745 448 811 Inde
464 745 592 812 Rubos
615 744 715 812 fessi
736 747 987 830 pervenimus
1001 786 1040 796 ·-
1053 746 1190 831 pedibus
1204 753 1242 814 ut
1256 747 1335 812 mihi
1348 747 1493 813 videtur.

249 833 360 916 Neque
383 833 466 898 enim
488 839 556 898 tam
578 833 690 898 molles
713 839 807 898 erant
821 840 954 914 veteres,
978 840 1015 900 ut
1029 835 1079 900 vel
1101 835 1231 900 minimo
1254 835 1366 900 labore
1389 835 1495 900 immo

252 921 318 984 sine
340 920 407 985 ullo
429 921 542 985 labore
575 919 618 1004 (si
639 918 733 1003 fingis
754 921 862 986 raedis
884 921 1008 1008 vectos)
1042 928 1079 986 ut
1102 943 1161 986 nos
1184 943 1255 987 oum
1279 922 1413 988 navibus
1437 923 1493 986 vel

250 1007 402 1072 vehiculis
425 1027 545 1090 vapore
567 1006 711 1090 impulsis
733 1007 796 1072 iter
817 1006 952 1074 facimus
976 1007 1242 1092 defatigarentur.
1284 1009 1384 1074 Abest
1406 1029 1493 1073 sane

248 1095 360 1177 procul
376 1093 526 1178 oppidum
539 1093 624 1158 Rubi
639 1115 659 1158 a
672 1093 810 1160 Canusio
833 1095 888 1182 (m.
905 1116 935 1178 p.
953 1097 1019 1175 30),
1042 1117 1100 1160 neo
1115 1101 1226 1160 tamen
1239 1097 1287 1160 ita
1300 1103 1339 1160 nt
1355 1096 1492 1162 omnino

249 1182 358 1247 Rubos
381 1180 516 1264 pedibus
538 1181 697 1263 perveniri
722 1202 786 1246 nou
807 1183 918 1264 possit.
964 1180 1073 1265 Neque
1102 1183 1171 1266 ipse
1199 1186 1297 1267 poeta
1325 1182 1491 1265 longum

251 1287 319 1333 esse
348 1269 411 1333 iter
441 1273 552 1350 negat:
588 1273 804 1350 carpentes
837 1307 880 1316 —-
909 1267 1055 1334 factum
1088 1270 1322 1353 corruptius
1353 1270 1491 1336 imbri.

250 1355 390 1432 Quorum
419 1361 569 1420 neutrum
595 1358 726 1438 poetam
754 1354 914 1420 dicturum
940 1355 1039 1420 fuisse
1067 1376 1126 1440 ego
1156 1355 1282 1439 quidem
1311 1363 1489 1440 procerte

248 1441 368 1522 habeo,
403 1443 464 1506 nisi
492 1463 588 1524 quam
615 1443 749 1508 moleste
779 1441 840 1506 tali
861 1443 914 1507 via
941 1441 1076 1526 pedibus
1107 1444 1209 1508 iretur
1237 1443 1305 1526 ipse
1332 1449 1487 1526 expertus

250 1534 342 1594 esset.
363 1558 367 1564 ·
388 1527 537 1594 Ceterum
566 1549 729 1612 carpere
757 1535 893 1594 nonest
922 1528 1076 1595 festinare
1108 1529 1164 1594 sed
1187 1529 1349 1614 gradatim
1370 1551 1487 1613 proce-

249 1615 334 1696 dere,
357 1616 493 1698 vestigia
513 1614 661 1697 ponendo
681 1616 823 1698 singulas
838 1616 997 1698 paulatim
1012 1617 1137 1682 itineris
1153 1617 1331 1700 particulas
1347 1617 1486 1682 emetiri.

249 1702 316 1768 Nec
330 1702 433 1766 minus
456 1701 613 1786 postridie
628 1702 764 1785 pedibus
780 1703 842 1767 iter
856 1705 1035 1786 perrexisse
1057 1703 1222 1769 cohortem
1244 1703 1318 1770 inde
1334 1712 1484 1788 apparet,

249 1789 334 1872 quod
357 1790 474 1854 iterum
502 1789 606 1872 qualis
628 1789 726 1854 fuerit
752 1795 929 1874 tempestas
952 1811 1111 1874 quamque
1133 1791 1186 1855 via
1208 1797 1362 1874 corrupta
1384 1795 1485 1874 poeta

250 1887 319 1941 tam
340 1875 421 1942 bene
444 1876 595 1955 meminit,
619 1876 788 1941 intervallo
805 1883 913 1942 autem
928 1877 1061 1942 Barium
1076 1899 1096 1942 a
1112 1878 1212 1943 Rubis
1234 1877 1337 1944 distat
1358 1879 1484 1943 minore

249 1985 345 2047 quam
372 1963 456 2028 Rubi
485 1984 505 2027 a
533 1962 683 2028 Canusio.
738 1963 874 2046 Reliqua
902 1963 964 2029 duo
990 1965 1107 2030 itinera
1135 1970 1244 2029 utrum
1272 1965 1407 2047 pedibus
1441 1987 1486 2030 an

249 2049 356 2114 raedis
384 2048 531 2114 confecta
557 2050 621 2116 sint
647 2049 831 2132 ambiguum
860 2057 917 2118 est.
985 2051 1186 2134 Quamquam
1214 2051 1322 2116 raedis
1351 2053 1486 2134 propius

250 2136 377 2202 videtur
398 2156 482 2201 vere.
528 2135 611 2201 Nam
641 2144 675 2202 et
700 2137 847 2220 longiora
870 2144 945 2226 sunt
975 2138 1145 2202 intervalla
1179 2140 1233 2218 (37
1258 2144 1290 2203 et
1311 2140 1354 2204 44
1376 2160 1416 2202 m.
1439 2141 1486 2222 p.)

250 2245 347 2307 quam
369 2224 484 2306 quibus
507 2224 568 2287 uisi
590 2224 728 2288 maximo
751 2225 897 2306 impenso
920 2224 1033 2289 labore
1054 2225 1152 2308 pedes
1176 2224 1350 2304 sufficiant,
1384 2245 1485 2310 neque

251 2311 403 2393 quoniam
426 2309 467 2374 ad
489 2307 583 2374 finem
605 2311 736 2392 poetam
764 2309 918 2375 festinare
946 2309 1152 2376 manifestum
1175 2318 1225 2376 est
1247 2333 1264 2376 e
1287 2310 1416 2377 silentio
1437 2334 1481 2376 se

251 2398 362 2480 quitur
390 2397 598 2461 contrarium.
652 2395 714 2461 Sed
740 2397 850 2462 Rubos
876 2419 1050 2481 parumper
1078 2397 1256 2463 redeamus.
1302 2399 1366 2464 Ubi
1392 2399 1481 2483 quale

252 2484 351 2548 fuerit
372 2483 546 2567 hospitium
568 2505 608 2548 ne
630 2484 728 2549 verbo
751 2483 879 2568 quidem
899 2491 1106 2550 memoratur.
1141 2485 1297 2550 Nimirum
1320 2492 1389 2550 tam
1411 2485 1484 2550 fessi

253 2571 452 2636 advenerunt
479 2578 516 2635 ut
545 2571 650 2653 quiete
673 2571 857 2654 gratissima
889 2573 969 2637 satis
992 2573 1149 2638 contentis
1172 2579 1280 2638 cetera
1303 2594 1400 2637 curae
1421 2593 1484 2637 uon

168 2702 171 2714 .
252 2664 368 2723 essent.
413 2657 493 2721 Tum
522 2656 619 2721 Bari
645 2657 765 2722 lautius
794 2664 955 2740 sumptum
980 2679 1049 2723 esse
1071 2659 1199 2741 epulum
1222 2680 1260 2723 ex
1281 2680 1345 2726 uno
1369 2659 1483 2725 adieot.

158 2755 161 2761 '
250 2745 408 2828 piscosi
438 2744 544 2809 nescio
574 2765 616 2808 an
638 2744 735 2809 liceat
757 2745 921 2810 coniicere.
968 2744 1030 2809 Sed
1053 2745 1115 2810 hoc
1135 2767 1199 2810 uno
1222 2767 1273 2810 res
1297 2746 1483 2812 absolvitur.

252 2831 386 2896 Omnino
416 2838 523 2896 autem
550 2830 683 2896 Barium
710 2851 775 2895 non
803 2831 918 2896 ceteris
945 2831 1072 2896 videtur
1105 2832 1265 2915 oppidulis
1295 2833 1395 2897 simile
1428 2833 1483 2897 sed

252 2919 389 3003 speeiem
412 2916 574 3001 quandam
595 2918 715 2984 referre
737 2917 934 2983 urbanitatis
958 2918 1161 3005 (moenia).

354 3005 454 3069 Dein
476 3004 617 3070 Gnatia
651 3004 787 3092 (Gnatia
814 3005 898 3070 idem
927 3005 1078 3089 oppidum
1111 3005 1197 3088 quod
1231 3006 1312 3070 alias
1340 3005 1482 3088 Egnatia

250 3091 400 3242 vocataqp
423 3091 605 3176 Lymphis
627 3092 748 3158 iratis
772 3099 982 3157 exstructa
1005 3092 1040 3180 (i.
1054 3114 1080 3156 e.
1098 3093 1199 3175 inops,
1215 3113 1340 3176 pauper
1356 3091 1480 3179 aquae).

250 3179 312 3243 Sed
336 3201 372 3243 eo
397 3201 446 3243 em
464 3179 549 3242 malo
572 3180 667 3262 plura
689 3178 842 3244 laborant
857 3179 976 3262 oppida
999 3180 1040 3264 (v.
1058 3179 1210 3266 88-91.)
1232 3202 1290 3244 nec
1305 3185 1412 3246 tamen
1432 3179 1480 3242 lu·

249 3265 354 3330 dibrio
388 3265 558 3331 habentur.
603 3266 704 3330 Immo
719 3319 721 3326 .
739 3265 872 3330 Daunus
905 3287 962 3330 rex
995 3265 1160 3330 fabulosus
1191 3267 1326 3349 Apuliae
1359 3287 1481 3351 pauper

250 3375 353 3436 aquae
376 3352 542 3418 dicituro.
566 3352 757 3432 111,3o‚11.
794 3351 899 3434 Supra
920 3372 1020 3434 prope
1042 3352 1264 3418 misericordia
1286 3354 1341 3438 qui
1362 3353 1480 3418 moveri

248 3439 483 3590 videbaturque
508 3437 592 3526 SR),
624 3439 650 3504 is
673 3438 703 3502 h.
720 3439 741 3502 l.
765 3438 850 3504 ridet
872 3439 1013 3523 inopiam
1035 3440 1102 3504 eius
1124 3441 1187 3520 rei,
1215 3461 1280 3523 qua
1302 3439 1484 3505 difficillime

249 3533 387 3592 caretur.
456 3548 492 3591 eo
513 3547 596 3590 nunc
618 3525 744 3590 demum
760 3525 880 3590 Gnatia
901 3526 1050 3609 nymphis
1072 3527 1175 3592 invisa
1191 3548 1261 3592 esse
1283 3527 1401 3598 dicitur
1427 3526 1482 3592 sed

248 3621 285 3678 ut
306 3616 435 3696 poetam
457 3613 655 3695 Melpomene
680 3617 864 3677 nascentem
890 3612 1018 3695 placido
1046 3613 1133 3679 videt
1161 3614 1293 3693 lumine,
1330 3615 1376 3679 sic
1397 3613 1479 3678 hanc

248 3700 360 3765 urbem
381 3701 447 3764 iam
470 3700 626 3764 orituram
649 3698 807 3782 nymphae
833 3698 949 3764 infesto
973 3699 1158 3783 adspexisse
1181 3701 1299 3765 lumine
1322 3699 1477 3766 feruutur.

249 3787 346 3852 Cuius
368 3788 519 3869 reiquae
549 3787 591 3851 sit
613 3807 727 3865 causa,
761 3807 832 3851 oum
859 3790 958 3868 poeta
984 3809 1049 3852 uon
1076 3787 1205 3866 doceat,
1240 3787 1386 3872 equidem
1417 3809 1476 3871 pro

247 3880 335 3939 certo
358 3894 422 3937 non
444 3872 547 3938 ausim
569 3872 737 3952 affirmare,
760 3873 822 3937 nisi
838 3871 923 3938 forte
944 3873 1018 3939 inde
1040 3873 1215 3957 repetenda
1231 3882 1280 3941 est
1301 3873 1387 3957 quod
1402 3895 1476 3939 mox

248 3960 401 4043 Egnatini
429 3958 617 4024 miraculum
646 3960 753 4024 nescio
781 3959 867 4044 quod
895 3960 1070 4025 traduntur
1091 3961 1269 4026 iactavisse.
1317 3960 1409 4038 Quod
1432 3963 1478 4026 in·

249 4047 401 4129 dignatus
423 4050 521 4129 poeta
543 4047 626 4111 hunc
648 4047 714 4111 fere
736 4047 770 4110 in
791 4045 922 4111 modum
936 4047 1112 4113 invehitur:
1148 4047 1252 4125 Quid?
1275 4048 1394 4131 inquit,
1419 4045 1479 4112 diis

248 4156 304 4198 vos
328 4134 486 4216 gratiores
509 4133 624 4198 ceteris
648 4155 717 4198 esse
739 4134 931 4199 mortalibus
953 4135 1042 4199 vobis
1064 4134 1227 4215 videmini,
1251 4134 1306 4219 qui
1329 4133 1411 4199 adeo
1433 4135 1480 4198 iu-

249 4221 308 4285 visi
331 4221 375 4285 eis
399 4221 469 4286 sitis
499 4226 538 4284 ut
568 4221 633 4284 iam
656 4220 813 4285 orituram
836 4221 999 4285 civitatem
1021 4226 1162 4287 vestram
1184 4221 1342 4305 nymphae
1364 4221 1481 4286 lumine

249 4306 457 4389 adspexerint
477 4307 620 4372 inimico!
666 4307 816 4372 Ceterum
841 4313 878 4372 ut
900 4329 964 4372 non
986 4309 1201 4374 innocentium
1224 4309 1403 4372 insectatur
1424 4309 1481 4372 mi-

249 4395 366 4460 seriam
388 4393 446 4458 sed
468 4392 689 4478 arrogantium
707 4401 876 4459 aversatur
898 4395 1114 4476 iactationem,
1137 4397 1247 4461 itane
1270 4393 1330 4459 hoc
1353 4392 1479 4477 quidem

249 4483 360 4547 vitium
385 4480 499 4546 acerbe
523 4482 664 4563 castigat
687 4480 743 4545 sed
765 4481 881 4546 leniter
895 4482 1094 4566 perstringit.
1128 4481 1250 4546 Deinde
1267 4501 1337 4546 cum
1355 4481 1480 4545 omnino
