3234 5054
219 286 263 352 40
752 286 803 337 su.
821 287 842 350 1,
862 281 885 336 r.
903 281 927 337 8.

220 481 311 541 aceto
334 475 414 540 satis
437 473 587 572 docent),
621 473 670 538 ita
693 480 799 553 cavet,
833 494 873 540 ne
895 473 1059 555 Rupilius,
1090 473 1123 537 in
1146 493 1240 556 quem
1262 473 1385 554 scripta
1412 479 1468 537 est

222 562 335 642 satira,
358 560 508 627 conviciis
530 560 643 626 vicisse
665 559 886 626 adversarium
901 559 1058 626 videatur.
1093 559 1153 624 His
1168 559 1313 643 profecto
1329 559 1467 624 Persius

220 649 363 732 graviter
378 647 565 714 vulneratus
587 648 675 714 velut
688 647 778 730 pugil
801 648 856 731 qui
878 653 1055 714 extremum
1077 653 1215 712 conatur
1228 646 1382 728 impetum
1407 667 1464 710 ex-

223 737 361 802 clamat:
384 757 452 818 per
473 755 650 818 magnae,
673 733 799 799 Brute
822 740 896 800 cett.
942 735 979 798 In
1000 754 1063 817 quo
1086 733 1172 817 quod
1194 733 1387 815 interpretes
1412 731 1464 796 fa-

220 823 378 889 cetissime
415 821 535 886 dictum
569 843 638 886 essa
672 821 876 888 arbitrantur
913 827 944 886 et
983 822 1114 886 summis
1152 826 1271 886 ornant
1308 818 1464 886 laudibus

220 899 433 994 („kdstlicher
443 908 560 988 1111111,
581 907 773 990 „kostbares
786 907 980 990 Wortspiel“
1000 905 1246 992 similibusque),
1262 905 1312 970 liis
1329 905 1467 989 dignum

222 1017 290 1060 esse
312 995 429 1079 palmis
452 993 533 1059 adeo
556 1014 621 1059 non
643 995 813 1073 assentior,
837 1001 873 1060 ut
895 995 980 1060 inter
996 1015 1034 1059 aa
1049 995 1157 1078 potius
1175 993 1259 1058 salse
1275 992 1363 1058 dicta
1387 1013 1465 1058 cen-

225 1103 314 1148 seam
335 1081 547 1160 referendum,
572 1102 655 1164 quae
676 1086 840 1147 nostrates
862 1081 948 1146 tanti
971 1101 1036 1146 non
1058 1103 1128 1146 esse
1152 1079 1323 1166 (wohlfeile
1342 1079 1465 1163 Witze)

223 1169 349 1235 dictare
372 1169 485 1234 solent.
520 1167 630 1251 Neque
652 1189 690 1233 eo
712 1168 816 1250 magis
838 1168 965 1251 egregie
987 1167 1048 1232 hoc
1070 1167 1157 1232 dioto
1181 1187 1312 1232 cansam
1335 1165 1467 1232 absolvi

220 1276 310 1338 nego.
355 1255 502 1338 Rupilius
531 1255 592 1320 hoc
614 1255 736 1338 impetu
757 1255 929 1338 improviso
961 1260 994 1320 et
1016 1255 1084 1320 risu
1107 1261 1289 1320 ceterorum
1319 1253 1367 1319 ita
1390 1253 1463 1318 sine

221 1341 318 1409 dubio
333 1341 545 1424 perturbatur
566 1348 604 1407 ut
618 1342 783 1406 convictus
799 1363 837 1406 ac
851 1362 953 1425 prope
968 1341 1199 1408 condemnatus
1215 1362 1284 1406 esse
1299 1339 1462 1404 videatur.

223 1429 311 1506 Quae
334 1429 494 1494 sententia
523 1427 635 1494 futura
658 1429 701 1493 sit
722 1427 863 1494 iudicum
891 1428 936 1492 nil
957 1427 1067 1493 refert.
1112 1427 1259 1510 Rupilius
1281 1428 1335 1506 a,
1365 1426 1466 1492 homo

220 1517 282 1582 iste
302 1516 392 1599 puris
416 1537 454 1581 ac
475 1516 587 1580 veneni
608 1516 737 1598 plennS,
770 1536 978 1599 quemnemo
1001 1513 1245 1580 non⁴horrebat
1267 1519 1299 1580 et
1322 1513 1467 1580 fortasse

223 1605 264 1668 ob
288 1603 322 1666 id
344 1603 467 1684 ipsum,
502 1602 579 1684 quia
600 1603 802 1685 proscriptus
825 1608 913 1682 erat,
948 1623 988 1666 ne
1017 1602 1050 1666 in
1077 1601 1320 1666 triumvirorum
1351 1604 1467 1664 caetra

222 1689 388 1769 transiret,
411 1688 506 1754 Bruti
522 1689 616 1753 amici
632 1689 793 1770 castigare
814 1695 852 1755 ut
866 1710 928 1772 par
944 1694 1017 1753 erat
1030 1689 1235 1768 verebantur,
1258 1687 1323 1752 iam
1338 1706 1466 1769 poenas

224 1775 314 1842 dedit
336 1776 439 1841 iustas
462 1774 667 1858 debitasque,
701 1781 816 1840 nactus
840 1781 889 1842 est
911 1775 1133 1841 adversarium
1158 1775 1229 1858 ipso
1253 1773 1464 1857 asperiorem,

222 1863 255 1927 in
277 1861 365 1944 vulgi
387 1863 452 1927 iam
476 1883 531 1928 ore
552 1862 681 1945 impune
701 1862 835 1928 ridetur.

325 1949 396 2013 Hac
418 1949 522 2014 satira
544 1970 646 2032 neque
667 1949 805 2014 Brutum
826 1948 1026 2032 petulantius
1056 1949 1148 2032 tangi
1178 1969 1280 2031 neque
1302 1968 1372 2012 esse
1403 1967 1467 2014 cnr

221 2057 286 2100 non
307 2042 382 2118 post
403 2035 518 2100 Horat.
541 2035 680 2102 reditum
710 2036 743 2100 in
764 2035 896 2102 Italiam
924 2036 1029 2118 primo
1050 2056 1177 2118 quoque
1198 2042 1342 2118 tempore
1373 2055 1465 2098 com-

130 2143 133 2150 ·
222 2123 362 2204 positam
385 2143 454 2186 esse
477 2127 674 2203 statuamus,
702 2143 766 2187 nou
789 2127 839 2187 ast
861 2121 948 2205 quod
970 2123 1096 2205 longius
1119 2142 1286 2206 exponam.
1332 2119 1395 2185 Sed
1419 2121 1466 2186 ad

222 2209 306 2273 hanc
340 2208 560 2292 quaestionem
593 2208 678 2274 infra
711 2210 775 2275 erit
805 2207 1012 2274 redeundum.
1066 2207 1116 2274 Ad
1149 2209 1330 2292 proximam
1362 2207 1468 2290 igitur

221 2302 434 2360 transeamus.
648 2305 651 2310 '

732 2387 815 2474 Sat.
848 2387 886 2492 I,
920 2393 958 2476 8.

326 2555 396 2620 Hoc
418 2575 573 2636 sermone,
597 2576 660 2638 quo
684 2554 821 2620 Canidia
843 2555 990 2639 carpitur
1009 2555 1159 2636 venefica,
1182 2554 1288 2620 facete
1309 2552 1387 2637 quid
1410 2575 1467 2636 ge-

226 2648 313 2707 stum
334 2643 379 2706 sit
399 2641 525 2707 horridi
548 2641 642 2706 deum
664 2641 819 2725 Priapum
840 2646 939 2725 putta
960 2641 1040 2707 facit
1062 2647 1247 2707 testantem.
1281 2641 1392 2724 Neque
1415 2641 1468 2706 ita

228 2728 354 2794 orditur
376 2733 413 2793 ut
435 2727 623 2794 muliebrem
645 2729 804 2812 extemplo
827 2729 965 2812 castiget
987 2729 1148 2794 insaniam
1177 2729 1286 2816 (quasi
1308 2726 1469 2794 eiusmodi

223 2814 345 2880 referre
367 2837 469 2898 nugas
499 2835 616 2899 operae
644 2816 784 2898 pretium
807 2815 881 2900 sit),
917 2815 972 2880 sed
1001 2815 1041 2880 de
1063 2817 1189 2898 seipso
1219 2815 1314 2879 deum
1336 2813 1464 2880 inducit

221 2900 417 2984 lepidissime
438 2901 648 2968 fabulantem.
689 2901 790 2967 Olim
812 2908 1009 2983 truncum,
1031 2903 1180 2968 inutile
1202 2902 1366 2984 lignum,
1389 2922 1467 2966 cnm

221 2988 354 3071 paulum
377 2989 507 3055 abesset
529 2989 606 3072 quin
628 3010 794 3054 scamnum
816 2988 916 3069 fieret,
940 2988 1027 3054 fabri
1049 2989 1186 3054 arbitrio
1210 2989 1306 3052 immo
1329 2987 1466 3053 libidine

223 3074 317 3139 deum
340 3096 374 3140 se
396 3075 519 3141 factum
534 3097 611 3141 esse.
648 3075 732 3141 Nam
754 3076 932 3141 incertus
953 3075 1008 3140 ille
1032 3096 1229 3140 scamnum
1252 3075 1467 3140 faceretne

221 3161 411 3244 Priapum
444 3163 588 3228 maluit
621 3184 706 3227 esse
740 3161 848 3227 deum
876 3201 919 3211 —-
947 3183 1012 3245 qua
1034 3161 1191 3244 impulsus
1214 3162 1339 3228 causat
1372 3161 1466 3226 nulla

222 3247 339 3329 hercle,
362 3248 419 3314 sed
442 3249 594 3333 quoniam
616 3270 681 3314 non
702 3254 875 3331 utrumque
898 3270 936 3312 ex
951 3247 1063 3313 eodem
1085 3249 1188 3330 sculpi
1209 3253 1341 3331 poterat
1363 3247 1465 3330 ligno,

224 3333 318 3399 deum
341 3356 410 3400 esse
431 3335 557 3400 maluit.
601 3335 705 3400 Deus
727 3335 816 3400 inde
839 3355 908 3418 ego
932 3342 964 3401 et
987 3333 1108 3418 qualis!
1146 3336 1292 3399 Furum
1315 3335 1468 3400 avium-

223 3443 297 3504 que
329 3423 501 3488 maxima
533 3420 716 3489 formido.
762 3420 908 3487 Modeste
929 3421 1087 3486 neminem
1109 3443 1143 3486 se
1165 3421 1270 3488 vereri
1291 3421 1381 3487 iubet
1402 3422 1470 3486 nisi

221 3507 309 3573 fures
333 3529 479 3593 avesque,
503 3507 618 3592 quibus
641 3509 669 3573 si
691 3507 855 3573 formidini
877 3508 920 3573 sit
934 3513 1121 3573 contentum
1137 3529 1171 3573 se
1186 3530 1255 3573 essa
1278 3506 1465 3574 confitetur.

222 3594 289 3660 Nec
311 3593 470 3678 dignitate
492 3595 632 3678 quadam
653 3594 757 3661 fretus
779 3595 888 3660 divina
909 3595 1014 3678 poscit
1036 3601 1073 3660 ut
1089 3594 1272 3660 reverentia
1296 3616 1330 3660 se
1352 3615 1466 3677 prose-

222 3687 373 3766 quantur,
397 3681 454 3748 sed
476 3679 586 3746 fures
609 3681 752 3747 dextra
775 3683 833 3768 (so.
857 3681 940 3748 falce
963 3681 1108 3768 armata)
1132 3685 1291 3748 coercet
1314 3686 1389 3746 cett.
1413 3681 1466 3746 ita

223 3774 260 3834 ut
296 3768 430 3833 horrore
466 3768 581 3851 procul
618 3768 822 3852 depellantur
860 3768 940 3856 (ast
975 3769 1133 3852 impert.
1172 3768 1321 3834 volucr.
1359 3767 1468 3852 cett).

223 3856 317 3920 Hunc
338 3855 438 3938 igitur
460 3855 494 3919 in
516 3853 645 3920 modum
667 3855 724 3938 qui
746 3854 785 3920 de
805 3854 965 3938 dignitate
986 3855 1110 3920 iudicat
1132 3854 1250 3936 divina,
1275 3875 1346 3920 euin
1368 3853 1469 3920 eredo

223 3941 393 4006 mulierum
414 3941 519 4007 malas
542 3947 631 4007 artes
653 3940 867 4008 veneficarum
888 3963 1083 4026 magnopere
1105 3940 1247 4007 horrere.

328 4029 373 4094 Ac
395 4050 435 4094 nc
457 4049 541 4093 nunc
563 4028 691 4114 quidem
713 4050 776 4112 quo
792 4028 897 4094 tendit
919 4049 956 4094 eo
978 4026 1126 4112 procedit
1148 4029 1296 4094 narratio
1319 4026 1376 4092 sed
1399 4027 1470 4093 iarn

224 4112 264 4179 de
285 4115 347 4181 loci
369 4121 490 4181 natura
512 4121 544 4181 et
564 4137 627 4181 usu
648 4116 776 4198 copiose
805 4115 993 4200 exponitur:
1027 4114 1111 4181 Huc
1144 4115 1253 4199 prius
1284 4116 1470 4198 angustis

224 4208 298 4267 cett.
344 4201 437 4267 Hunc
459 4201 544 4266 enim
565 4201 672 4268 locum
700 4202 791 4285 prius
820 4203 921 4268 servis
953 4223 992 4267 ac
1022 4202 1159 4268 miserae
1188 4201 1275 4285 plebi
1300 4223 1472 4267 commune

223 4287 323 4354 fuisse
344 4289 561 4372 sepulcretum
582 4289 669 4354 velut
692 4289 759 4377 (hic
775 4289 922 4354 similiter
944 4309 983 4354 ac
998 4287 1023 4369 Ι,
1040 4290 1071 4369 5,
1087 4290 1127 4354 37
1151 4289 1185 4354 in
1203 4289 1357 4353 Mamurr.
1374 4287 1468 4354 urbe.

224 4375 247 4456 1,
266 4377 294 4456 7,
312 4376 349 4441 8:
382 4375 552 4456 Sisennae,
575 4375 713 4457 Remea,
736 4376 891 4442 inseritur
908 4396 1037 4456 versus,
1066 4396 1130 4458 quo
1153 4371 1258 4440 obiter
1280 4372 1412 4456 quidam
1436 4383 1472 4440 et

225 4462 255 4528 h.
273 4462 293 4527 l.
318 4461 445 4546 quidem
461 4462 660 4528 celeberrimi
682 4462 746 4529 duo
768 4463 853 4529 illius
870 4463 1024 4545 temporis
1048 4461 1233 4527 decoctores
1249 4461 1471 4546 stringuntur)
