3234 5054
240 258 281 321 16
727 257 778 306 Sat.
796 257 817 319 Ι,
835 253 860 318 5,
879 252 990 306 44-48.

240 443 409 510 tristitiam
424 443 578 527 depellat!
613 442 712 508 Addit
727 450 853 508 autem:
875 464 1007 508 sanus.
1041 443 1198 509 Videntur
1213 443 1312 525 igitur
1327 449 1481 526 tempora

239 532 347 610 fuisse,
371 530 485 614 quibus
508 535 665 614 quantum
687 536 772 596 esset
794 531 935 596 amicitia
965 530 1085 595 bonum
1106 553 1171 596 non
1194 531 1274 595 satis
1297 552 1331 595 se
1352 530 1480 595 intelle·

239 618 323 682 xisse
344 617 497 683 fateatur.
543 618 682 684 Amico
712 639 796 682 num.
820 617 953 700 singul,
984 639 1179 702 quamquam
1209 623 1276 684 tres
1305 622 1482 682 occurrunt

240 704 335 768 amici
357 704 476 790 (coner.
499 725 557 787 pro
581 705 694 785 abste,
719 705 840 769 amicus
863 704 934 769 loco
958 705 1140 770 amicitiae?
1174 704 1303 769 Rectius
1319 703 1477 769 fortasse:

239 811 301 874 quo
324 790 509 856 ardentiore
531 796 676 856 tenemur
698 811 816 871 amore,
840 811 877 855 eo
892 791 996 874 magis
1018 813 1117 856 unum
1137 812 1292 870 amamus,
1316 811 1381 854 non
1402 791 1474 872 plu-

239 877 316 965 res).
362 876 511 943 Cetcrum
533 877 620 958 vide,
654 884 776 960 quanto
799 879 924 961 gratior
953 879 996 942 sit
1024 882 1141 960 poetae
1169 878 1286 942 horum
1315 877 1474 942 adventus

238 963 479 1028 triumvirorum
501 985 597 1046 quam
619 963 749 1029 illorum
771 965 810 1029 de
832 965 947 1047 quibus
970 987 1070 1048 supra
1091 987 1119 1030 v.
1136 966 1187 1031 31.
1205 967 1256 1030 32.
1281 963 1371 1029 dixit.
1410 963 1475 1028 Ne-

241 1072 302 1133 que
323 1071 399 1115 vero
429 1051 478 1114 ita
507 1072 576 1115 rem
606 1073 639 1115 se
662 1050 783 1117 habere
812 1050 973 1117 dubitavit
1002 1058 1114 1134 aperte
1140 1051 1300 1132 confiteri,
1334 1049 1368 1114 id
1391 1049 1477 1133 quod

239 1136 329 1202 laudi
350 1136 489 1202 Horatio
511 1159 576 1202 non
597 1139 701 1219 magis
725 1143 775 1202 est
799 1159 896 1220 quarn
918 1138 1108 1204 Maecenati.

344 1223 486 1289 Occursu
501 1225 677 1289 amicorum
699 1224 814 1290 itinere
828 1245 1003 1309 parumper
1018 1223 1188 1290 retardato
1211 1225 1243 1287 in
1265 1224 1476 1303 villulam,

239 1331 321 1394 quae
343 1311 529 1392 proxima
559 1317 630 1376 erat
660 1311 780 1393 ponti
804 1311 1023 1395 Campano,
1055 1312 1275 1394 confugerunt.
1321 1310 1477 1375 Villula

241 1397 424 1484 (deminut.)
446 1397 703 1462 mediocritatem
725 1397 885 1480 significat
906 1399 1039 1482 hospitii
1060 1398 1094 1462 in
1116 1419 1178 1482 quo
1201 1399 1280 1462 nihil
1303 1396 1476 1461 admodum

241 1485 302 1548 nisi
324 1484 410 1567 quod
433 1482 511 1549 dicit
528 1484 749 1550 inveniebant:
773 1491 940 1550 tectum.
976 1485 1114 1550 Parochi
1136 1489 1255 1564 autem,
1278 1485 1334 1567 qui
1356 1505 1394 1548 11
1418 1482 1476 1547 ad-

241 1591 394 1635 venarum
416 1569 604 1637 libidinibus
636 1572 756 1636 servire
782 1577 815 1636 et
843 1572 939 1654 plura
968 1593 1064 1655 quam
1088 1571 1130 1636 ad
1152 1573 1272 1637 victum
1293 1571 1478 1635 necessaria

240 1663 315 1722 sunt
338 1657 546 1740 suppeditare
568 1665 759 1740 cogerentur
781 1658 852 1740 lege
874 1665 1004 1724 cautum
1027 1664 1108 1738 erat,
1131 1659 1193 1723 hac
1210 1659 1281 1740 lege
1304 1663 1374 1723 tam
1396 1657 1476 1722 scite

240 1745 427 1822 utebantur,
456 1750 494 1809 ut
523 1743 602 1808 nihil
624 1744 721 1827 plane
749 1745 812 1808 nisi
837 1745 922 1827 quod
944 1745 1013 1828 lege
1035 1745 1272 1829 praescriptum
1295 1750 1368 1808 erat
1389 1743 1477 1808 exhi-

240 1831 364 1896 berent.
409 1831 475 1896 Nec
497 1837 607 1896 tamen
628 1834 726 1914 potita
750 1832 840 1914 queri
862 1831 989 1897 videtur
1012 1832 1068 1896 sed
1090 1833 1223 1912 laetari;
1257 1831 1369 1895 villula
1390 1829 1478 1912 quod

240 1919 274 1982 in
294 1917 435 2000 hospitio
458 1918 637 2000 requiritur
666 1923 788 1982 tectum
816 1919 984 2000 praebuit,
1019 1919 1155 2002 parochi
1184 1917 1270 2002 quod
1292 1919 1361 1999 lege
1382 1938 1477 2000 prae-

241 2008 368 2087 ceptum
396 2010 468 2069 erat
496 2005 572 2088 quin
601 2004 782 2070 conferrent
810 2025 875 2070 nou
903 2010 1149 2085 recusaverunt3
1184 2004 1261 2088 quid
1283 2005 1383 2086 igitur
1406 2009 1478 2068 erat

242 2090 328 2174 quod
358 2093 570 2172 quereretur?
629 2091 699 2168 Qua
728 2091 915 2157 laudatione
944 2113 1040 2176 quam
1068 2092 1173 2158 facete
1202 2091 1376 2175 hospitium
1405 2111 1478 2173 per-

243 2178 420 2257 strinxerit,
443 2199 508 2242 non
531 2184 580 2242 est
602 2177 688 2260 quod
710 2177 852 2248 doceam.

345 2263 376 2328 H
388 2265 452 2328 ine
481 2265 589 2345 igitur,
620 2285 683 2348 quo
705 2265 864 2329 maturius
887 2265 1032 2349 Capuam
1060 2264 1174 2330 urbem
1203 2264 1480 2348 opulentissimam

245 2349 435 2431 adveniant,
467 2372 561 2414 mane
583 2351 839 2433 proficiscuntur.
885 2351 936 2417 Sic
966 2352 1065 2416 muli
1087 2391 1130 2400 —-
1156 2351 1348 2416 clitellas
1376 2358 1479 2416 tem-

242 2458 342 2520 pore
372 2444 539 2520 ponunt.
585 2438 665 2502 Muli
687 2444 795 2503 autern
824 2439 880 2521 qui
907 2439 1051 2504 sarcinas
1073 2439 1254 2522 portabant
1284 2437 1371 2521 quod
1393 2459 1479 2504 com-

244 2529 475 2604 memorantur,
506 2523 579 2588 inde
602 2546 678 2590 cave
708 2547 748 2589 11
769 2525 832 2590 1111
861 2525 923 2590 hoc
946 2525 997 2590 die
1021 2547 1087 2590 non
1108 2525 1244 2608 pedibus
1266 2525 1388 2590 factum
1410 2546 1480 2589 esse

247 2611 427 2693 suspiceris.
474 2609 627 2676 Omnibus
659 2617 774 2677 eontra
803 2611 853 2676 his
876 2611 988 2678 diebus
1014 2611 1149 2694 pedibus
1179 2613 1242 2678 iter
1266 2611 1389 2678 factum
1411 2632 1481 2676 esse

248 2697 338 2762 nulla
360 2697 435 2763 licet
456 2698 584 2762 ratione
605 2697 747 2763 infitiari.
791 2698 895 2764 Hinc
916 2738 960 2748 —
981 2706 1142 2783 ponunt
1163 2699 1314 2779 breviter,
1340 2721 1382 2763 sc.
1405 2698 1482 2762 hinc

243 2783 381 2867 profecti
402 2791 536 2868 ponunt,
560 2785 634 2850 hinc
655 2790 842 2868 perventum
862 2792 912 2850 est
925 2825 977 2850 -—.
1011 2785 1107 2850 Mulis
1130 2793 1239 2851 autem
1261 2785 1480 2868 gratissimam

243 2870 339 2936 credo
369 2872 592 2938 maturitatem
621 2871 719 2936 fuisse
750 2870 915 2937 adventus.
960 2872 1113 2938 Homines
1143 2873 1226 2938 enim
1255 2873 1288 2938 in
1310 2871 1389 2937 urbe
1413 2893 1480 2936 am-

242 2957 388 3042 plissima
418 2958 498 3022 nihil
528 2981 629 3043 prope
659 2980 722 3042 quo
751 2958 951 3028 delectentur
972 2960 1154 3040 inveniunt,
1187 2960 1304 3043 quippe
1326 2959 1381 3042 qui
1403 2958 1481 3042 quid

244 3045 403 3127 agendum
425 3045 469 3110 sit
490 3045 606 3110 incerti
625 3067 694 3110 esse
716 3045 894 3112 videantur.
929 3045 1087 3112 Nimirum
1109 3047 1255 3112 omnihus
1278 3046 1374 3111 rebus
1397 3065 1480 3128 quae

245 3151 304 3196 nos
323 3132 394 3197 visu
416 3130 514 3214 digna
534 3131 701 3212 habemus,
725 3137 762 3196 ut
783 3133 905 3198 tabulis
920 3133 1025 3216 pictis,
1047 3134 1274 3212 marmoribus
1297 3153 1400 3215 neque
1422 3131 1480 3196 ho-

244 3218 345 3283 mines
367 3219 505 3282 Romani
527 3239 722 3302 magnopere
744 3219 990 3287 delectabantur
1020 3225 1053 3284 et
1075 3220 1177 3285 Roma
1199 3219 1277 3285 urbs
1308 3221 1356 3285 ita
1379 3218 1479 3283 abun-

243 3305 354 3386 dabat,
378 3305 474 3370 immo
497 3305 611 3370 domus
632 3305 783 3388 hortique
805 3307 1007 3389 privatorum
1028 3307 1077 3371 ita
1099 3313 1193 3372 erant
1215 3305 1340 3390 repleti,
1362 3305 1480 3370 11111-

243 3393 331 3456 mani
352 3399 422 3457 tum
443 3392 585 3458 illustres
608 3398 701 3457 extra
722 3393 856 3473 Urbem,
880 3393 909 3456 si
931 3393 1118 3474 Graeciam,
1143 3393 1284 3458 Siciliam
1306 3393 1478 3474 Asiamque

242 3479 403 3562 exceperis
435 3500 541 3562 pauca
574 3500 657 3562 quae
691 3479 800 3544 oculos
840 3480 931 3544 inse
960 3486 1093 3562 possent
1115 3487 1300 3546 convertere
1322 3478 1478 3543 viderent.

243 3564 463 3631 Maecenas
493 3566 592 3648 igitur
623 3566 757 3630 lusum
786 3565 813 3629 it
841 3587 906 3630 non
935 3573 973 3631 ut
1002 3567 1233 3650 interpretibus
1256 3565 1384 3631 videtur
1415 3586 1478 3648 quo

242 3673 359 3735 corpus
382 3658 545 3731 exerceat,
579 3652 666 3736 quod
686 3654 720 3716 in
742 3652 856 3718 itinere
884 3653 964 3717 satis
988 3654 1148 3735 agitatum
1170 3675 1239 3718 esse
1262 3653 1385 3735 opinor,
1422 3651 1478 3716 sed

243 3739 344 3804 taedii
365 3738 544 3822 depellendi
566 3761 675 3805 causa.
710 3738 767 3803 Oui
789 3739 874 3821 quod
889 3739 1045 3807 Horatius
1062 3746 1095 3805 et
1109 3740 1268 3822 Vergilius
1291 3737 1478 3804 inludendo

244 3825 368 3906 desunt,
393 3832 443 3890 est
464 3825 610 3908 profecto
633 3824 720 3909 quod
743 3832 920 3890 excusetur.
958 3826 1140 3909 Namque
1161 3827 1252 3910 pila
1274 3825 1404 3908 lippis
1430 3861 1478 3889 —.

244 3912 355 3995 Lippis
377 3919 414 3978 ut
436 3911 573 3978 Horatio
597 3912 763 3976 oculorum
785 3913 938 3993 intentio,
968 3913 1076 3978 crudis
1097 3920 1136 3978 ut
1157 3912 1299 3996 Vergilio
1321 3911 1479 3976 membro-

243 4021 315 4064 rum
337 4006 444 4065 motus
467 3999 635 4064 celeriores
658 3998 800 4082 fugiendi
815 4005 899 4066 sunt.
939 3999 1021 4075 Quid
1037 4005 1145 4065 autem
1167 4000 1277 4083 lippis
1300 4005 1332 4064 11
1354 3997 1480 4062 crudis

244 4087 343 4174 (num.
367 4085 491 4173 plur.)?
525 4085 652 4150 Scilicet
673 4085 763 4150 iuvat
783 4089 913 4168 potitam
935 4087 1028 4168 quasi
1049 4093 1161 4169 partes
1184 4107 1309 4151 sumere
1330 4085 1480 4167 magistri

241 4172 290 4237 111
310 4173 453 4238 medicae
481 4172 594 4255 periti,
629 4193 692 4256 qno
721 4173 825 4256 magis
856 4194 949 4238 suam
975 4179 1092 4255 purget
1121 4173 1282 4239 inertiam.
1328 4171 1478 4236 Ceterum

242 4258 326 4342 finge
349 4260 464 4339 animo,
487 4259 600 4324 lusisse
615 4259 788 4324 Horatium
802 4265 834 4324 et
849 4258 1033 4342 Vergilium,
1057 4259 1279 4326 Maecenatem
1301 4257 1476 4336 dormisse3

243 4345 323 4411 nihil
344 4346 406 4412 hac
428 4345 526 4411 dere
547 4349 677 4430 poetam
699 4351 1023 4410 commemoraturum
1042 4345 1140 4412 fuisse
1162 4346 1240 4412 mihi
1257 4345 1386 4429 quidem
1407 4365 1479 4427 per-

244 4454 374 4500 suasum
397 4439 456 4498 est.
494 4432 545 4498 Sic
567 4453 643 4498 vero
665 4432 862 4499 Maecenatis
885 4432 989 4499 elucet
1010 4433 1165 4500 alacritas
1187 4439 1220 4498 et
1241 4433 1342 4516 vigor,
1366 4435 1477 4515 poeta·
