3234 5054
700 319 751 371 su.
770 320 791 385 1,
810 315 834 370 5.
1340 319 1380 384 31

252 507 317 574 Nec
331 513 441 576 tamen
462 509 548 576 inter
561 508 735 574 Horatium
757 513 789 572 et
811 513 942 573 nostrae
965 507 1083 574 aetatis
1105 510 1220 591 poetas
1236 507 1381 591 aliquan-

145 602 217 662 tum
238 597 393 662 interesse
415 617 505 681 nego.
540 596 584 660 Hi
598 593 752 679 quidquid
766 595 799 659 in
814 600 934 661 natura
949 615 1058 660 rerum
1081 594 1277 679 conspicitur
1299 592 1381 660 adeo

147 683 362 765 admirantur,
386 690 423 749 ut
445 681 473 749 si
494 683 565 767 quis
587 684 691 768 primo
713 681 808 748 rivuli
829 682 990 765 pratulive
1013 681 1168 766 adspectu
1189 702 1254 747 nun
1277 682 1381 746 exsul-

145 771 266 838 taverit
287 769 492 837 metuendum
514 771 558 843 sit
585 791 625 835 ne
648 791 668 835 a
689 769 917 836 bacchantium
940 789 1036 852 grege
1063 790 1123 852 pro
1145 769 1243 835 bruto
1264 788 1381 852 pecore

144 859 316 924 habeatur.
360 857 434 924 Non
463 857 540 924 item
562 856 733 937 Horatius,
767 857 822 939 qui
852 856 914 921 etsi
942 855 997 920 illo
1020 862 1163 940 ternpore
1189 857 1217 920 is
1239 855 1381 920 nondum

145 966 215 1011 esse
238 950 399 1029 coeperat,
422 946 478 1028 qui
491 945 536 1018 nil
553 945 679 1011 omnino
697 947 841 1010 censeret
856 941 1090 1023 admirandum,
1113 964 1153 1008 ne
1168 949 1237 1008 tum
1252 941 1378 1026 quidem

147 1033 255 1098 omnia
277 1032 424 1098 omnibus
447 1031 640 1098 admiranda
661 1051 732 1096 esse
755 1030 981 1096 arbitraretur.
1027 1029 1079 1095 Sic
1100 1029 1194 1095 malis
1218 1051 1251 1094 se
1273 1028 1380 1095 culici-

145 1120 206 1186 bus
228 1119 380 1204 ranisque
393 1119 595 1202 palustribus
611 1123 760 1184 vexatum
776 1137 844 1182 esse
866 1139 923 1182 cur
937 1137 1002 1182 nou
1016 1115 1198 1183 fateretur?
1233 1138 1289 1182 cur
1311 1117 1380 1181 lon-

145 1227 220 1289 gum
248 1205 347 1272 fuisse
376 1207 448 1286 iter,
482 1227 612 1290 gravem
633 1205 773 1288 Appiam
804 1203 1044 1270 dissimularet?
1097 1203 1186 1268 Idem
1216 1203 1378 1270 meliorem

144 1299 310 1377 posteram
330 1293 429 1358 fuisse
450 1298 677 1378 tempestatem
691 1292 792 1358 libere
806 1289 960 1358 concedit.
995 1290 1124 1356 Scilicet
1145 1311 1247 1374 neque
1270 1311 1379 1356 omnes

144 1379 287 1464 gaudent
307 1402 383 1446 rure
405 1380 580 1460 Camenae,
613 1399 716 1463 neque
744 1379 806 1443 hac
826 1397 892 1444 una
921 1378 1015 1460 quasi
1044 1399 1128 1443 nova
1149 1377 1219 1461 lege
1244 1378 1377 1462 agraria

144 1468 247 1534 omnis
269 1471 438 1551 poetarum
460 1468 563 1533 virtus
585 1465 796 1551 ponderanda
819 1471 877 1530 est.

250 1553 333 1632 Quid
355 1561 464 1620 autern
486 1555 686 1638 singularum
707 1553 874 1636 proprium
897 1551 940 1616 sit
962 1551 1146 1631 civitatum,
1173 1550 1301 1616 brevius
1325 1573 1382 1634 ap-

142 1643 272 1725 tiusque
286 1642 421 1724 exprimi
436 1662 501 1707 non
514 1647 623 1725 potest
638 1661 736 1725 quam
756 1661 784 1704 v.
800 1640 830 1705 4.
856 1636 1103 1726 (differtum
1124 1639 1265 1705 nautis
1288 1637 1380 1726 cett.)

145 1729 195 1794 vel
217 1731 268 1796 37.
301 1727 364 1817 (in
385 1729 576 1794 Mamurr.
600 1727 724 1814 urbe)
754 1726 804 1792 vel
826 1725 877 1792 51.
911 1729 1055 1812 (super
1078 1724 1204 1790 Caudi
1226 1745 1381 1808 caupo-

145 1815 239 1902 nas)
261 1814 520 1902 ve197.(Bari
542 1816 705 1880 moenia
727 1810 911 1900 piscosi).
950 1812 1042 1878 Adde
1056 1811 1217 1897 quomodo
1231 1812 1378 1877 villulam

142 1903 236 1986 ponti
258 1901 368 1987 Camp.
392 1924 474 1987 quae
497 1908 568 1968 erat
589 1901 735 1985 proxima
758 1905 790 1966 et
811 1898 971 1983 parochos
995 1899 1059 1987 (45.
1084 1899 1161 1986 tu),
1191 1899 1381 1983 oppidulum

141 1987 310 2074 ἀνώνυμον
334 1989 401 2088 (st.
425 1988 503 2074 88.),
526 1989 709 2068 Canusium,
732 1987 905 2070 Egnatium
928 1985 1138 2052 denotaverit.
1180 1985 1246 2052 Nec
1269 1992 1381 2054 tamen

141 2076 177 2140 id
200 2076 265 2159 egit
279 2076 492 2160 potissimum,
515 2081 553 2141 ut
575 2075 651 2158 quid
667 2075 818 2158 cuiusque
840 2074 1006 2156 proprium
1021 2079 1106 2138 essct
1123 2073 1213 2138 urbis
1230 2079 1381 2140 accurate

142 2164 349 2247 perspiceret,
373 2163 490 2246 quippe
505 2163 556 2227 cui
570 2162 650 2227 nihil
666 2162 793 2227 omnino
815 2159 849 2224 id
871 2181 970 2244 genus
992 2181 1089 2226 curae
1105 2166 1191 2226 esset
1213 2160 1275 2226 nisi
1296 2161 1381 2226 risus

143 2251 276 2334 iocique.
316 2249 511 2334 Oppidulum
534 2247 702 2334 ἀνώνυμον
724 2249 790 2314 suis
812 2247 862 2314 vel
883 2247 1057 2313 virtutibus
1079 2247 1129 2312 vel
1150 2247 1237 2313 vitiis
1260 2253 1381 2313 natura

143 2336 297 2421 profectis
312 2337 518 2420 conspicuum
533 2342 592 2416 est,
617 2336 721 2401 Fundi
738 2333 855 2400 Aufidii
869 2333 964 2399 Lusci
978 2340 1144 2418 praetura,
1163 2334 1380 2400 Beneventum

144 2424 282 2505 hospitis
306 2423 477 2488 sedulitate
505 2429 538 2489 et
559 2422 722 2502 incendio,
755 2422 832 2486 villa
854 2421 1023 2486 Trivicana
1046 2421 1132 2488 fumo
1155 2421 1326 2487 lacrimoso
1349 2428 1382 2486 et

147 2507 316 2573 mendacio
338 2509 478 2593 puellae,
509 2509 586 2576 villa
608 2510 699 2594 ponti
722 2509 831 2592 Camp.
855 2509 1002 2591 proxima
1023 2509 1241 2592 parochorum
1262 2509 1383 2575 tenaci-

149 2600 228 2661 tate.
274 2593 321 2660 De
342 2596 442 2662 Rubis
464 2619 491 2663 u.
516 2597 559 2662 ad
581 2619 609 2663 v.
634 2599 684 2663 94.
723 2595 827 2662 Urbes
850 2595 1023 2680 ampliores
1045 2602 1083 2661 ut
1104 2595 1296 2676 Sinuessam,
1321 2595 1381 2661 Ca-

146 2703 254 2766 puam,
270 2681 484 2764 Brundisium,
506 2684 568 2750 nisi
583 2683 669 2767 quod
684 2682 853 2748 Sinuessae
869 2683 987 2748 amicos
1004 2683 1233 2766 supervenisse,
1250 2682 1381 2767 Capuae

146 2768 367 2834 Maecenatem
389 2769 513 2854 lusum,
547 2772 651 2855 ipsum
672 2770 910 2854 Vergiliumque
936 2769 1110 2834 dormitum
1138 2771 1201 2836 isse
1224 2771 1287 2850 ait,
1322 2792 1381 2835 nec

143 2855 260 2922 laudat
281 2878 339 2922 neo
360 2859 514 2941 castigat,
548 2857 644 2923 credo
667 2858 743 2941 quia
765 2862 822 2923 aut
844 2857 986 2922 notiores
1009 2863 1103 2922 erant
1124 2856 1218 2941 vulgo
1241 2863 1300 2922 aut
1321 2857 1379 2923 ho-

146 2943 246 3027 spitia
268 2943 440 3024 eiusmodi,
470 2951 511 3009 ut
529 2945 661 3010 comites
683 2944 762 3010 nihil
784 2945 987 3026 requirerent
1008 2943 1170 3024 luxuriae,
1194 2947 1293 3026 poeta
1315 2945 1383 3028 ipse

144 3051 205 3094 nec
227 3029 377 3095 sordibus
400 3030 615 3098 offenderetur
643 3053 747 3116 neque
768 3031 933 3115 opulentia
959 3030 1130 3096 admodum
1154 3031 1379 3098 delectaretur.

145 3117 194 3182 De
216 3117 321 3182 Roma
341 3139 369 3182 v.
394 3117 436 3182 ad
458 3141 485 3182 v.
511 3121 539 3185 1.

248 3203 439 3289 Priusquam
462 3227 483 3270 a
497 3205 594 3272 rebus
617 3204 659 3270 ad
674 3205 819 3270 hemines
834 3210 1049 3286 transeamus,
1073 3204 1115 3270 ad
1132 3225 1171 3270 ea
1193 3227 1276 3291 quae
1297 3207 1382 3273 inter

144 3311 198 3356 res
228 3290 436 3377 hominesque
469 3291 575 3358 media
605 3298 681 3356 sunt
713 3293 907 3374 interposita
940 3291 1094 3357 animalia
1125 3299 1379 3376 praevertemur.

146 3376 239 3454 Quod
262 3378 378 3444 culices
400 3400 562 3463 ranasque
583 3379 745 3463 palustres
769 3378 949 3444 detestatus
973 3385 1022 3444 est
1044 3400 1109 3444 non
1126 3380 1223 3445 timeo
1245 3402 1285 3446 ne
1307 3381 1378 3466 quis

144 3465 271 3530 crimini
292 3471 400 3530 vertat
420 3469 545 3549 po'e‘tae.
590 3467 700 3533 Mitius
722 3465 828 3531 mulae
850 3466 1006 3550 mulisque
1028 3466 1215 3534 consulitur.
1261 3467 1378 3546 Quam-

143 3572 243 3634 quam
257 3558 363 3617 totam
386 3552 477 3618 abire
499 3553 614 3618 horam
637 3552 711 3618 dum
728 3552 816 3618 mula
830 3553 952 3634 ligetur
965 3553 1184 3636 indignissime
1199 3553 1264 3620 fert
1287 3555 1381 3644 (13.),

142 3657 247 3720 neque
269 3637 302 3702 id
325 3638 453 3722 quidem
482 3639 578 3705 credo
608 3640 694 3725 quod
717 3640 849 3707 iumenti
870 3640 1074 3720 misereatur3
1109 3639 1166 3706 sed
1187 3661 1262 3706 mox
1284 3663 1381 3725 quam

142 3725 226 3789 bene
244 3730 346 3790 nauta
360 3727 466 3792 mulae
480 3728 682 3812 prospexerit
697 3726 904 3808 dormiturus,
927 3727 975 3792 ita
990 3726 1094 3792 tradit
1116 3734 1153 3793 ut
1174 3749 1254 3793 cura
1277 3733 1310 3794 et
1333 3729 1381 3793 di-

143 3811 280 3892 ligentia
301 3812 438 3878 hominis
460 3814 664 3880 incultissimi
690 3815 759 3898 ipse
788 3834 852 3879 non
873 3819 942 3878 tam
964 3812 1162 3880 stomachari
1183 3815 1281 3899 quani
1303 3836 1380 3900 quu-

144 3895 316 3965 dammodo
347 3898 501 3966 delectari
521 3901 679 3967 videatur.
725 3901 805 3965 Tum
835 3921 924 3980 eum,
957 3901 1011 3984 qui
1040 3923 1105 3966 non
1127 3902 1231 3967 solum
1258 3909 1380 3969 nautae

143 3984 252 4049 meriti
274 3993 372 4069 caput
393 3987 581 4072 lumbosque
604 3988 774 4054 sedetiam
796 3987 902 4052 mulae
917 3989 1096 4054 immeritae
1118 3988 1204 4054 iuste
1221 3989 1382 4056 dolaverit

142 4071 280 4155 saligno,
303 4074 507 4140 cerebrosum
529 4076 628 4141 fuisse
651 4073 738 4141 dicit.
773 4073 901 4140 Scilicet
923 4075 951 4140 si
968 4082 1056 4142 recte
1073 4076 1233 4157 sensisset,
1258 4077 1299 4142 ab
1321 4077 1379 4142 ho-

142 4158 244 4240 mine,
276 4181 341 4226 uon
363 4161 404 4228 ab
427 4162 568 4228 iumento
589 4183 710 4246 poenas
733 4162 898 4245 exegisset.
943 4162 1088 4247 Denique
1109 4163 1212 4228 mulos
1235 4169 1380 4248 tempore

144 4245 275 4330 Capuae
295 4249 410 4332 positis
433 4248 560 4316 clitellis
583 4251 723 4334 quietem
744 4249 894 4315 meritam
916 4255 1029 4314 nactos
1048 4270 1116 4315 esse
1138 4249 1258 4334 gaudet
1282 4250 1377 4340 (dl).

142 4333 217 4399 Alia
244 4341 282 4400 ut
310 4334 472 4402 Sarmenti
500 4358 617 4420 equum
646 4335 750 4402 ferum
780 4342 813 4402 et
842 4334 955 4402 turdos
985 4357 1112 4403 macros
1134 4336 1378 4406 Beneventanos

141 4422 320 4504 praeterire
341 4423 459 4489 licebit.

246 4509 316 4574 Iam
332 4508 373 4574 ad
390 4531 489 4593 genus
504 4508 678 4574 humanum
696 4508 941 4590 ascendendum,
960 4509 1048 4575 cuius
1063 4511 1224 4594 permulta
1239 4516 1272 4578 et
1288 4512 1380 4580 varia
