946 1385
191 130 211 147 18
353 120 357 124 ”
434 131 460 144 ιιι,
469 132 479 148 ι,
488 130 500 147 ⁶,
509 130 565 144 5447⁴

192 178 244 195 nescio
256 178 281 195 cui
293 178 337 195 illudi
350 178 416 199 videtur,
434 178 476 200 quod
487 184 515 195 cur
526 178 586 195 derisui
598 179 619 195 sit
630 184 663 195 non
673 179 728 200 liquet.
751 179 814 199 ltaque

192 201 246 221 iunge:
263 201 324 217 clarum
339 201 387 217 Messi
401 207 450 222 genus
461 200 499 217 Osci
513 200 579 222 (nomini
591 200 620 222 pl.)
636 202 677 217 sunt<
700 200 746 217 Nunc
760 206 812 221 quam

192 223 269 239 dicaciter
283 224 332 243 pocta
346 223 422 243 loquatur
434 222 537 239 manifestum
552 224 580 239 est.
603 222 668 238 Scilicet
679 222 756 238 Oscorum
770 227 813 243 gens

192 245 216 260 ita
227 244 357 265 degeneraverat,
368 247 387 261 ut
395 244 512 261 existimatione
520 244 602 260 hominum
611 249 642 260 non
650 244 682 260 iam
690 244 730 260 satis
738 243 812 260 floreret⁷

192 266 223 282 Sed
235 266 318 282 etiamtum
334 266 381 282 iidem
394 266 455 283 salibus
469 265 566 287 quibusdam
580 266 626 286 quasi
640 266 692 282 insitis
704 266 813 282 admirationi

192 290 238 304 erant
255 288 307 310 (cuius
322 288 345 304 rei
360 288 392 304 ludi
404 288 447 308 Osci,
462 287 555 307 Atellanae,
573 287 667 304 documento
682 288 732 309 suut).
761 287 813 304 Sar-

192 310 252 326 menti
267 310 346 326 domina
360 312 430 326 exstat.
454 309 542 326 Confitetur
553 309 603 334 igitur
614 310 670 330 poeta,
685 314 717 325 non
728 309 760 325 iam
772 314 811 325 eum

193 337 256 347 servum
274 337 308 348 esse
324 331 352 347 sed
368 332 490 351 manumissum
507 332 562 347 tamen
573 331 622 347 fuisse
636 336 703 347 servum
734 331 764 347 Ab
778 331 812 347 his

193 353 210 374 (i
219 359 231 369 e.
248 353 303 378 nullis>
317 353 427 369 maioribus
442 353 481 369 orti
495 352 520 369 sd
533 358 618 374 pugnam
632 358 711 372 venere,
728 353 812 373 utrimqm

192 375 238 395 quasi
250 375 266 391 in
278 380 344 391 arenam
356 375 476 391 descenderunt
498 374 535 390 Non
545 374 613 391 fortuito
624 374 673 395 igitur
684 374 709 390 vel
720 379 759 391 casu
770 379 812 395 quo-

192 396 230 413 dam
241 396 282 412 inter
293 402 356 416 cenam
368 398 386 413 ut
397 397 423 417 fit
440 396 525 413 altercatio
537 398 562 412 est
573 395 651 416 conflata
667 396 695 412 sed
706 396 773 412 consilio
785 396 810 412 in-

192 419 251 434 stituta
268 418 297 443 (ad
308 424 378 439 pugnam
390 424 446 435 venere
458 418 466 434 i
475 423 488 434 e.
500 423 519 434 eo
530 418 613 438 congressi
624 419 662 434 sunt
673 417 739 434 consilio
751 419 769 434 ut
780 423 812 438 pu>

192 440 272 461 gual-ent),
284 440 325 456 sicut
336 441 399 456 omnino
411 441 427 456 in
438 440 512 456 conviviis
534 440 636 460 ελιιηοῑτοιοί,
648 445 718 459 scurrae,
730 439 811 456 tibicines

192 462 220 478 alii
231 461 247 477 id
258 467 308 482 genus
319 462 390 478 homines
401 462 475 478 convivas
486 446 542 477 solelia
542 462 561 477 nt
572 461 656 477 delectare.
676 461 728 486 atque
740 461 762 477 sic
774 466 810 477 rem

192 489 209 499 se
220 483 280 500 habere
291 489 355 503 censeo,
372 484 404 500 sive
416 484 509 500 Sarmentus
521 483 630 499 Maecenatem
644 483 731 499 comitatus
742 484 767 499 est
778 483 812 499 sive

192 511 202 521 a.
214 505 279 521 Cocceio
291 505 375 521 inducitur⁴
397 506 429 521 Fac
440 505 481 521 enim
493 510 529 521 eum
540 510 606 521 scurrae
617 505 652 521 loco
663 504 773 521 Maecenatem
785 510 811 520 se-

192 528 247 543 cutum
258 532 298 547 esse,
310 532 341 548 quo
352 527 404 543 maior
415 529 458 543 esset
467 526 542 547 voluptas
554 526 658 547 epulantium,
674 526 737 543 institui
748 526 810 547 potuit⁷

192 550 210 564 ut
221 548 290 565 [emulus
299 549 367 569 hospitis
378 551 394 565 et
402 548 498 565 Maecenatis
506 553 559 565 comes
570 554 640 569 pugnarn
652 553 736 564 conserere
747 548 809 564 ridicu-

192 570 224 586 lam
236 570 332 587 iuberentur.

244 592 299 608 Prior
310 592 425 608 Sarmentus
438 602 461 607 —.
481 591 500 607 Iu
510 597 542 612 quo
554 597 623 612 agnosce
634 592 698 612 poetam
709 591 768 607 indolis
779 591 810 607 hu-

193 619 249 630 manae
261 614 379 634 peritissimum.
403 613 495 630 Pumilionis
507 613 548 629 enim
562 615 587 629 est
601 613 635 629 irae
651 618 686 629 esse
699 613 810 633 impotentem,

192 635 260 651 hominis
272 636 367 652 robustioris
382 637 398 651 et
409 635 499 656 grandioris
514 636 579 651 statura
592 635 674 655 patienter
685 635 727 651 ferre
738 634 809 651 furorem

193 657 259 673 ulterius
274 659 290 673 et
304 663 355 678 aequo
369 659 461 678 exspectare
475 656 529 673 animo
542 656 580 672 dum
595 657 619 673 ire
634 656 743 673 homuncionis
757 656 809 672 defer-

192 679 250 695 buerit.
265 679 313 699 Equi
325 681 343 695 te
351 685 394 695 esse
405 679 443 695 seri
451 678 535 695 similem
542 678 590 695 dico.
608 678 649 698 Quid
657 678 692 695 ita?
710 678 810 694 Fritzsehius

193 700 244 716 crines
256 700 324 716 hominis
336 701 414 717 iucomtos
426 701 466 717 iubis
474 702 522 721 putat
530 700 591 721 equinis
599 700 691 721 comparari
698 700 808 716 volitantibus.

194 722 248 738 Potius
260 722 330 738 sortasse
341 722 361 738 de
372 722 436 738 fremitu
448 727 524 743 equorum
535 722 638 742 cogitandum
650 722 724 738 dentibus
736 721 810 738 frendeo>

193 744 237 768 tium.
249 749 289 764 quos
300 744 373 760 iracundi
384 744 458 760 videntur
468 744 534 760 imitari.
552 743 583 760 Sed
591 745 645 760 tamen
652 745 727 760 neutrum
735 743 809 760 convenit

194 766 209 781 in
218 771 258 785 eum,
270 766 297 786 qui
304 766 355 786 primo
363 766 438 782 immotus
447 765 517 782 convicia
525 765 571 782 audit
579 765 666 781 adversai'
657 771 672 785 u,
681 767 738 786 postea
746 765 809 781 demum

194 787 278 803 lacessitus
295 789 344 808 caput
360 787 419 804 dicitur
436 792 503 804 movere
526 787 632 806 Quamobrem
649 787 755 803 Doederlinus
771 787 787 803 h
798 787 809 802 l

194 809 274 831 (oessfie)
286 815 344 830 equum
355 810 400 825 illum
411 809 501 825 iabulosum
513 811 631 825 monocerotem
642 808 766 829 intellegendum
775 814 809 824 esse

195 830 276 850 iudicavit,
288 831 307 847 de
319 836 349 852 quo
361 831 400 847 Plin.
413 831 431 847 N.
443 831 467 850 H,
479 830 560 850 Aelianus,
572 830 667 847 Aristoteles
679 830 699 852 (v
711 830 754 846 locos
766 830 808 850 apud

194 852 243 869 Doed.
261 853 277 868 in
294 852 399 869 adnotatione
416 852 484 869 vei-sioni
501 853 577 868 metricae
594 852 665 873 adiecta)
682 852 808 873 disputaverunt.

194 874 240 893 Quod
251 874 271 890 ob
283 874 299 890 id
311 875 363 895 ipsum
375 875 434 895 optime
445 874 523 895 quadrat
540 874 578 895 quia
589 879 625 890 mox
636 874 657 890 ad
669 879 719 890 cornu
730 874 746 890 in
757 873 809 889 fronte

194 896 282 912 adversarii
297 898 353 912 natum
367 896 395 912 sed
410 897 490 912 exsectum
506 896 590 912 transitur
612 895 713 920 Quamquam
724 901 762 912 num
773 895 808 916 equi

194 917 224 933 ieri
235 923 292 933 nomen
304 918 325 934 ad
336 918 380 934 illam
392 918 461 934 belluam
472 917 563 933 fabulosam
574 917 632 933 nemini
644 917 684 937 visu,
696 917 769 933 omnibus
781 922 809 932 au-

194 939 229 955 ditu
240 941 304 955 tantuin
315 940 396 960 cognitam
407 941 468 956 veteres
483 939 568 955 retulerint
579 940 636 960 poetae
647 939 723 958 lectores,
739 938 810 955 dubitari

195 966 242 982 posse
253 966 285 977 non
296 961 360 977 infitior.
384 961 443 980 Quodsi
455 960 473 977 de
484 966 525 981 equo
537 963 592 977 nostro
604 961 644 982 (non
655 960 675 977 de
686 960 768 982 sabuloso)
785 965 810 976 co-

194 982 285 1003 gitandum
299 983 326 1003 qui
337 983 429 1003 plerumque
440 982 505 999 timidus
516 988 551 999 esse
562 983 611 1002 solet,
626 987 668 1003 quae
678 982 721 998 inter
732 982 774 998 huno
786 983 811 998 est

194 1006 210 1020 et
221 1005 263 1020 inter
274 1004 349 1020 Messium
360 1005 458 1021 similitudo?
481 1004 541 1025 Nempe
552 1009 572 1021 ea
582 1006 601 1020 ut
611 1006 683 1025 uterque.
697 1004 769 1024 quamvis
782 1003 810 1019 ali-

194 1025 271 1046 quamdiu
282 1026 356 1042 immotus
368 1027 452 1046 consistat.
469 1026 530 1042 nullum
544 1026 613 1042 rationis
628 1031 695 1046 sequens
707 1027 810 1046 praeceptum

194 1049 210 1063 et
221 1053 250 1063 suo
261 1047 312 1064 fretus
323 1048 381 1064 robore
392 1047 468 1069 quidquid
480 1047 535 1064 obstat
545 1047 607 1064 ruendo
618 1049 731 1068 prostraturus
742 1052 761 1063 at
772 1052 810 1067 pru-

194 1069 279 1090 fiigaturus
291 1075 325 1085 esse
336 1069 414 1086 videatur.
436 1069 497 1085 Eadem
511 1069 588 1085 utendum
600 1071 624 1085 est
638 1069 780 1090 interpretatione,
797 1069 810 1085 si

195 1096 209 1107 v.
221 1092 246 1107 56.
259 1096 270 1107 s.
284 1091 305 1107 ad
316 1096 373 1112 equum
385 1091 437 1107 serum
451 1091 510 1107 referre
520 1091 566 1111 ficet,
583 1090 626 1111 quod
640 1092 659 1107 ut
669 1091 744 1107 malimus
755 1095 810 1106 versus

195 1114 213 1128 ut
225 1118 274 1133 supra
286 1113 353 1129 diximus
368 1113 458 1133 proximus.
476 1118 507 1133 quo
522 1112 567 1128 frons
582 1112 645 1129 ridetur
656 1114 732 1132 cornuta
747 1111 809 1128 suadet

196 1134 229 1150 Hoc
240 1135 289 1154 igitur
300 1135 392 1159 certaminis
407 1134 471 1151 excidio
486 1134 579 1155 gravissime
594 1134 704 1150 adversarium
716 1134 809 1150 Sarmentus

195 1156 283 1172 vulneravit
300 1162 350 1177 neque
365 1156 399 1177 ipse
416 1161 463 1177 quam
478 1156 555 1172 atrociter
572 1156 616 1172 illum
631 1156 729 1172 vellicaverit
746 1156 810 1176 ignorat

195 1177 267 1199 (dieo).
291 1178 400 1194 Humanitatis
419 1178 460 1194 enim
477 1178 541 1194 omnino
557 1182 594 1194 eum
608 1179 689 1198 expertein
704 1182 738 1193 esse
754 1177 778 1193 eit
794 1179 809 1193 et
