3234 5054
188 259 210 322 4
406 227 410 243 ’
639 331 643 341 .
717 261 767 311 sa.
786 259 807 323 1,
825 255 850 322 s,
871 256 892 309 1.

189 448 239 516 vel
260 448 380 533 putidi,
415 453 453 540 ut
479 445 556 532 quid
586 448 675 514 inter
693 446 1003 530 elegantissimorum
1032 446 1160 512 illorum
1192 451 1225 512 et
1247 452 1419 513 nautarum

190 537 342 602 iudicium
364 533 546 600 interfuerit
569 535 672 600 statui
694 533 879 599 difficillime
900 555 995 616 posse
1016 532 1172 600 videatur.

277 621 359 699 Quid
381 621 544 687 facerem?
578 621 824 687 condemnarem
853 621 919 686 tria
941 621 1006 686 ista
1027 621 1114 686 velut
1135 620 1253 704 ingenii
1276 619 1421 685 iuvenilis

190 709 315 775 fructus
338 709 588 792 praematuros?
621 710 665 774 At
687 727 727 773 ne
742 708 803 773 hoc
818 706 945 792 quidem
961 708 1162 791 acquiescere
1183 707 1274 790 potui
1291 707 1420 772 solacio.

190 799 312 862 Iterum
334 796 434 880 igitur
456 795 581 860 decrevi
604 795 840 878 experiendum,
853 795 890 858 ‘si
911 794 995 859 forte
1018 795 1051 857 in
1072 794 1123 858 his
1146 815 1271 894 quoque
1293 797 1421 877 poema-

191 883 235 948 tis
259 890 356 966 atque
378 883 533 966 imprimis
560 881 594 946 iu
616 882 727 965 quinto
759 881 895 965 vestigia
925 881 1084 965 quaedam
1113 881 1232 964 ingenii
1262 902 1422 946 cernerem

193 970 340 1050 Horatii,
376 990 457 1053 quae
479 975 517 1034 ut
538 969 640 1034 inesse
662 989 826 1052 nunquam
849 967 1070 1034 dubitaveram
1100 968 1148 1032 ita
1173 967 1296 1032 frustra
1319 967 1423 1034 adhuc

193 1056 408 1140 indagassem.
444 1055 495 1121 Sic
516 1055 637 1122 factum
661 1061 710 1120 est
731 1062 768 1120 ut
789 1059 904 1138 poema
926 1061 976 1120 tot
994 1055 1136 1120 virorum
1153 1054 1327 1120 illustrium
1349 1054 1423 1120 doc·

194 1144 282 1210 trina
306 1150 339 1208 et
360 1142 521 1208 industria
542 1143 749 1226 explanatum
780 1148 812 1206 et
843 1143 1080 1207 commentariis
1105 1143 1298 1207 instructum
1320 1140 1423 1206 denuo

192 1251 349 1296 sumerem
372 1229 640 1316 exponendumf).
685 1230 793 1312 Ipsum
824 1229 923 1312 igitur
953 1250 1032 1312 opus
1060 1233 1175 1311 poetae
1206 1235 1239 1293 et
1267 1228 1422 1311 imprimis

193 1317 320 1401 quidem
342 1317 478 1383 satiram
501 1317 646 1400 quintam
668 1315 744 1381 libri
765 1315 884 1398 prioris
906 1315 1122 1398 inspiciamus,
1150 1337 1246 1398 quam
1268 1315 1296 1380 si
1318 1315 1424 1380 absol-

193 1405 332 1470 verimus
356 1403 397 1470 de
419 1404 556 1486 septima
572 1410 605 1468 et
620 1410 735 1469 octava
758 1401 800 1466 ad
823 1401 943 1468 calcem
964 1424 1069 1486 pauca
1085 1401 1305 1486 subiungenda
1321 1407 1422 1468 eruut.

296 1661 407 1748 Neque
429 1685 493 1746 qua
514 1685 550 1728 re
571 1663 726 1745 impulsus
758 1662 925 1730 consilium
951 1663 1071 1745 ceperit
1098 1663 1161 1727 iter
1191 1662 1330 1727 faciendi
1364 1661 1424 1749 (ni-

192 1751 309 1815 mirum
332 1750 498 1815 consilium
522 1751 650 1815 omniuo
672 1770 736 1813 non
755 1749 840 1832 cepit
861 1750 923 1814 iter
938 1749 1044 1814 facere
1067 1749 1123 1814 sed
1145 1750 1250 1814 iussus
1267 1750 1342 1836 est),
1367 1771 1425 1813 nec

194 1837 353 1922 quomodo
385 1858 468 1921 quae
496 1843 572 1902 sunt
600 1837 633 1900 in
662 1836 777 1901 itinere
807 1837 878 1900 usui
912 1837 1095 1901 necessaria
1128 1836 1294 1919 paraverit
1329 1836 1425 1922 (quae

195 1924 300 1990 omnia
322 1922 410 1988 nullo
433 1926 548 2007 poetae
562 1924 674 1988 labore
690 1923 885 1987 Maecenatis
907 1923 997 1989 iussu
1018 1923 1226 2006 suppeditata
1243 1922 1344 2010 sunt),
1367 1943 1425 1986 nec

192 2033 290 2095 quam
310 2011 396 2076 laeto
419 2011 525 2075 animo
548 2017 581 2078 et
602 2010 743 2075 fervente
766 2009 849 2075 diem
871 2012 1114 2093 exspectaverit,
1137 2032 1199 2094 quo
1225 2010 1315 2074 urbis
1337 2009 1423 2073 fumo

193 2098 393 2180 strepituque
418 2097 457 2185 (c.
482 2098 536 2177 III,
560 2099 612 2176 29,
638 2098 693 2182 12)
720 2097 832 2161 relicto
855 2097 926 2161 loca
948 2097 1065 2162 Italiae
1088 2097 1311 2168 amoenissima
1334 2117 1424 2179 repe-

192 2186 311 2251 titurus
334 2191 419 2250 esset
450 2183 612 2271 (videlicet
633 2204 787 2266 perquam
810 2183 927 2247 invitus
958 2183 1037 2248 urbe
1059 2183 1239 2264 discessit),
1263 2203 1303 2248 ne
1325 2183 1424 2248 verbo

195 2271 321 2356 quidem
342 2278 547 2336 memoratur.
597 2269 685 2346 Quae
716 2270 823 2335 omnia
850 2269 949 2334 missa
978 2269 1057 2335 facit
1078 2273 1176 2353 polita
1202 2277 1299 2355 atque
1322 2270 1426 2352 ipsam

193 2358 422 2443 profectionem
442 2358 533 2441 quasi
549 2357 695 2422 consulto
710 2357 868 2439 praeterit
883 2357 1021 2437 silentio,
1044 2359 1162 2440 quippe
1184 2358 1238 2441 qui
1260 2357 1299 2420 ne
1317 2377 1425 2438 apro-

193 2445 364 2510 ficisoendo
387 2445 514 2528 quidem
544 2450 651 2509 sumat
679 2443 844 2509 exordium
875 2443 1000 2509 sedita
1025 2445 1149 2509 utiam
1171 2443 1335 2527 profectus
1357 2464 1427 2508 esse

194 2532 344 2598 videatur
366 2531 599 2619 (egressum
617 2532 681 2614 —).
716 2531 763 2595 Ne
778 2551 854 2595 vero
870 2530 997 2595 dubites
1016 2551 1080 2595 non
1096 2552 1154 2596 suo
1170 2531 1345 2596 adductum
1360 2552 1429 2595 esse

195 2619 329 2685 consilio
352 2617 408 2682 sed
423 2619 544 2683 iussum
559 2639 629 2684 esse
644 2616 812 2701 proficisci,
836 2638 901 2681 non
923 2623 992 2682 tam
1014 2616 1091 2700 quid
1113 2619 1181 2700 ipse
1195 2617 1308 2682 fecerit
1330 2637 1427 2700 quam

196 2704 274 2790 quid
297 2705 337 2770 de
353 2727 386 2770 se
407 2704 529 2770 factum
548 2705 591 2771 sit
612 2704 711 2770 refert
734 2704 811 2791 (me
833 2705 999 2788 excepit
1021 2704 1193 2791 Aricia).
1226 2705 1297 2769 Iam
1312 2706 1428 2768 mirum

297 2932 323 2999 f)
342 2934 407 2984 Nam
431 2948 490 2982 cum
514 2949 603 2983 eorum
627 2931 671 2998 qui
694 2932 737 2982 vel
760 2931 846 2982 omnia
869 2948 947 2998 opera
969 2936 1059 2998 politae
1083 2932 1124 2982 vel
1142 2949 1273 2982 sermones
1296 2931 1432 2986 ediderunt

196 3019 275 3070 prope
293 3018 369 3053 nemo
387 3019 439 3052 non
458 3003 617 3068 aliquantum
635 3001 667 3052 ad
685 3000 753 3051 hano
772 3017 872 3067 quoque
890 3001 1005 3052 sstulerit
1021 3002 1132 3064 satiram,
1152 3008 1207 3052 arm
1224 3017 1277 3052 non
1296 3002 1433 3052 defuerunt

197 3073 242 3138 qui
265 3074 293 3121 in
318 3072 367 3122 hoe
391 3072 529 3138 praecipue
552 3076 668 3137 poemate
691 3070 844 3121 illustrando
867 3071 1034 3122 elaborarent.
1072 3073 1143 3122 Inter
1167 3087 1231 3137 quos
1255 3073 1336 3122 exteri
1361 3087 1429 3123 com-

196 3143 291 3208 plures,
311 3141 368 3191 Itali
385 3145 412 3191 et
424 3141 593 3206 Francogalli,
611 3140 763 3204 Romanclli,
776 3140 955 3202 Walckcnaer,
973 3141 1110 3206 Dejardius
1129 3139 1245 3207 (quorum
1260 3157 1315 3207 opp.
1333 3141 1391 3192 vide
1403 3143 1431 3190 iu

197 3210 386 3262 commentariis
396 3210 478 3260 obviis
487 3211 608 3274 laudat-a),
622 3211 652 3260 de
665 3209 741 3260 rebus
753 3209 914 3275 potissimum
927 3210 1116 3277 topographiois
1126 3211 1327 3276 disputaverunt,
1337 3211 1430 3262 Kiroh-

199 3296 277 3330 nerus
295 3285 382 3330 noster
400 3285 514 3346 tempore
532 3280 631 3330 itineris
649 3279 799 3330 Brundisini
818 3279 967 3330 certissimis
985 3280 1127 3330 rationibus
1150 3281 1289 3330 constituto
1307 3296 1432 3330 summam
1507 3281 1510 3288 '

199 3350 293 3398 meruit
316 3349 424 3399 laudem.
468 3350 509 3399 W.
527 3349 646 3399 Proesscl
669 3349 711 3414 (de
728 3347 817 3398 Horat.
837 3349 929 3399 itinere
946 3349 1080 3411 Brundia,
1103 3365 1188 3416 progr.
1205 3349 1335 3416 Freiberg.
1354 3346 1431 3414 1853)

198 3418 265 3468 nihil
284 3433 310 3469 se
329 3419 379 3468 nisi
402 3434 466 3482 quae
484 3420 536 3468 iam
553 3434 569 3468 a
586 3419 648 3468 viris
667 3418 772 3468 eruditis
790 3419 852 3468 satis
870 3419 1003 3470 commodo
1021 3424 1108 3470 essent
1124 3424 1233 3469 tractata
1251 3419 1431 3485 composuisse,

199 3487 291 3554 quibus
315 3488 461 3538 ostenderet
486 3503 535 3552 qua
553 3489 651 3538 ratione
675 3486 802 3554 gymnasii
827 3487 966 3554 discipulos
989 3489 1017 3539 in
1041 3495 1187 3540 accuratam
1209 3491 1351 3538 carminum
1370 3489 1432 3539 Hor.

199 3558 373 3623 cognitionem
391 3557 480 3607 induci
499 3557 584 3620 vellet,
603 3558 715 3623 ingenus
734 3558 833 3606 fatetur.
860 3557 1005 3608 Permultae
1023 3564 1155 3624 praeterea
1166 3559 1352 3621 adnotationes,
1371 3575 1432 3624 qua-

198 3644 255 3677 rum
273 3643 393 3694 magnam
411 3632 509 3693 partem
527 3643 569 3677 me
586 3627 684 3694 fugisse
702 3626 791 3688 credo,
818 3643 865 3692 per
882 3629 988 3678 annales
1005 3628 1229 3694 grammaticorum
1254 3628 1383 3694 dispersae
1401 3644 1432 3679 ac

200 3697 316 3763 sepultae
335 3701 401 3746 sunt.
438 3697 526 3762 Neque
544 3701 630 3748 minen
654 3697 684 3746 ad
704 3695 847 3746 enarranda
864 3697 966 3747 Horatii
990 3713 1066 3763 opera
1088 3697 1175 3764 iuopia
1192 3696 1361 3759 auxiliorum,
1388 3697 1432 3748 sed

200 3783 279 3832 prope
298 3766 454 3816 abundantia
478 3766 629 3818 laboramus.
666 3767 825 3831 Quamquam
849 3766 893 3816 ubi
914 3767 1033 3817 omnibus
1055 3767 1168 3832 undique
1192 3768 1271 3816 armis
1292 3772 1432 3833 pugnatum

199 3842 244 3898 est,
264 3835 313 3885 duo
331 3840 469 3902 supersunt
486 3835 538 3886 loci
556 3835 628 3886 ardui
647 3840 672 3886 et
690 3836 763 3901 quasi
774 3835 947 3899 munitissimi,
966 3852 1029 3902 quos
1042 3837 1245 3902 oppugnantium
1257 3836 1354 3887 artibus
1372 3851 1431 3886 cum

199 3906 306 3955 fortasse
324 3921 455 3971 nunquam
474 3921 532 3971 spes
549 3906 583 3955 sit
599 3921 674 3972 posse
693 3906 842 3970 expugnari,
861 3911 915 3955 tum
929 3921 975 3972 ogo
988 3906 1098 3971 quidem,
1117 3906 1193 3956 naid
1211 3908 1318 3972 speretis
1336 3907 1363 3955 in
1382 3921 1431 3970 quo

199 3975 348 4026 satisfacere
365 3975 438 4025 vobis
456 3976 560 4025 minime
578 3980 680 4041 potero,
707 3974 773 4024 nihil
795 3975 931 4025 admodum
952 3991 993 4025 me
1015 3975 1106 4024 auxssii
1124 3975 1267 4026 edicturm
1285 3991 1340 4026 esse
1358 3991 1430 4041 prae-

199 4059 297 4094 moneo.
333 4045 458 4110 intellego
478 4049 562 4094 autem
580 4060 675 4094 nomen
693 4044 763 4094 illius
781 4045 868 4110 oppidi
885 4045 972 4096 nescio
992 4045 1078 4106 ouius,
1097 4045 1165 4110 quod
1183 4061 1259 4095 versu
1277 4045 1362 4096 dicere
1379 4059 1432 4094 non

200 4117 245 4175 est,
264 4114 346 4179 signis
363 4110 543 4180 perfacile'est
560 4111 593 4178 (v.
612 4111 665 4179 87),
684 4118 710 4164 et
726 4129 823 4180 prunae
841 4113 907 4164 illud
923 4113 1040 4164 vatillum
1058 4114 1101 4176 (an
1112 4113 1230 4165 batillum
1238 4114 1260 4179 l)
1278 4130 1302 4164 v.
1314 4110 1356 4164 36.
1383 4113 1431 4163 His

200 4183 279 4248 igitur
297 4183 368 4245 locis,
388 4184 419 4234 de
438 4183 530 4249 quibus
549 4183 631 4234 adhuc
644 4183 790 4249 ambigitur,
809 4185 929 4250 quoniam
941 4183 1006 4234 nihil
1018 4188 1107 4249 potero
1119 4199 1201 4235 novae
1214 4184 1279 4234 lucis
1291 4182 1431 4245 effundere,

199 4253 227 4300 in
245 4253 337 4303 ceteris
355 4254 399 4318 qui
417 4253 482 4302 nihil
500 4252 595 4303 habent
612 4253 768 4303 difficultatis
786 4253 809 4303 si
821 4253 958 4317 desudabo,
977 4268 1067 4303 vereor
1084 4269 1117 4304 ne
1135 4254 1207 4319 ligna
1219 4255 1286 4304 ferre
1299 4253 1387 4303 videar
1404 4253 1432 4302 in

200 4320 298 4372 silvam.
334 4323 369 4372 At
385 4322 473 4389 plures
499 4327 560 4372 sunt
576 4327 664 4388 poetas
689 4323 833 4389 exponendi
851 4323 976 4386 rationes,
1004 4338 1108 4386 quarum
1133 4327 1162 4372 ut
1184 4323 1281 4372 nullam
1304 4322 1353 4372 ulli
1376 4338 1433 4373 esse

200 4391 296 4440 fruemi
314 4407 395 4458 nego,
417 4393 454 4442 ita
471 4391 520 4442 hae
538 4407 637 4457 quoque
655 4393 711 4455 via,
735 4407 812 4457 quam
829 4408 875 4442 uos
893 4392 1075 4460 ingrediemur,
1096 4392 1129 4442 ad
1145 4392 1172 4442 id
1190 4392 1258 4456 quod
1274 4392 1433 4458 propesitum

201 4465 247 4522 est,
266 4461 297 4510 ad
314 4466 404 4528 potitae
422 4462 530 4512 virtutos
547 4462 643 4513 rectius
661 4461 831 4513 aestimandas
849 4463 954 4528 propius
971 4462 1060 4513 accedi
1078 4475 1152 4528 posse
1170 4476 1250 4528 spero.
